2909 4809
186 365 190 379 ,
236 256 298 357 lia
538 280 603 351 ua
625 282 776 350 anano
800 258 1040 351 oannem

230 469 471 560 ruimus,
489 470 650 559 Segouax,
664 470 796 537 nuncios
806 469 1019 558 mittiturque
1033 468 1243 559 hisimperaa
1258 470 1322 545 uti,

230 560 350 627 coactis
360 556 508 625 omnibus
521 558 636 647 copiis,
651 570 757 623 eastra
771 558 897 624 navalia
906 558 947 623 de
959 558 1124 647 inproviso
1131 550 1324 622 adoriantur

231 652 331 733 atque
344 645 546 734 obpugnent.
592 641 620 710 li
634 666 709 709 cum
723 645 764 711 ad
779 659 883 712 castra
897 644 1068 720 venissent,
1095 644 1208 718 nostri,
1222 664 1328 731 erup:

231 734 320 799 tione
334 732 431 807 iacta,
446 732 556 797 multis
569 752 682 797 eorum
697 732 885 807 interfectis,
900 746 998 820 capto
1012 731 1109 796 etiam
1124 729 1325 800 nobiliduee

233 818 447 907 Lugotorige,
477 842 550 885 suos
584 818 758 883 incolumes
789 818 995 885 reduxerunt.
1053 816 1322 893 Cassivellaunus,

230 904 292 972 boc
306 905 424 1007 proelio
434 903 598 980 nunciato,
610 916 663 970 tot
670 903 871 971 detrimentis
881 906 1032 1007 acceptis,
1045 904 1177 970 vastatis
1191 901 1322 978 linibus,
1345 979 1349 987 ¹

231 1014 368 1059 maxume
390 993 488 1057 etiam
515 1002 680 1081 permotus
702 991 881 1059 deiectione
904 992 1095 1066 civitatimn,
1112 991 1234 1079 legatos
1260 990 1325 1078 per¹

232 1079 425 1144 Atrebatem
460 1078 645 1143 Commium
678 1077 719 1143 de
755 1078 916 1145 deditione
944 1078 986 1144 ad
1016 1078 1174 1144 Caesarem
1203 1076 1319 1142 mittit.

232 1164 352 1241 Cesar,
366 1186 466 1251 quam
479 1164 653 1238 statuisset,
668 1163 803 1230 hiemem
818 1166 851 1231 in
866 1164 1041 1231 continenti
1056 1176 1194 1253 propter
1208 1182 1323 1252 repen-

230 1253 315 1319 tinos
338 1251 454 1316 Galliae
474 1263 581 1317 motus
602 1272 711 1338 agere,
737 1274 840 1337 neque
854 1252 992 1331 multum
1014 1251 1132 1317 atatis
1145 1264 1325 1337 superesset

230 1337 378 1440 aulueid
392 1336 486 1402 facile
495 1335 621 1403 extrahi
636 1359 728 1425 poam
743 1338 852 1403 intelle
893 1350 956 1413 ret,
969 1337 1093 1403 obsides
1114 1338 1156 1403 im
1189 1350 1253 1408 vrat
1276 1350 1323 1413 et,

231 1424 368 1513 quadiu
385 1446 484 1491 annos
496 1423 637 1525 singulos
656 1424 822 1510 vectigalis
847 1362 975 1513 ffipulo
991 1423 1137 1490 Romano
1184 1423 1325 1489 ritannia

233 1510 400 1601 penderet,
414 1511 604 1576 constitnit:
627 1510 791 1576 interdicit
804 1523 902 1597 atque
918 1512 1056 1599 imperat
1069 1508 1322 1587 Cassiuellauno,

232 1622 272 1665 ue
288 1596 533 1673 Mandubratio,
548 1620 611 1663 neu
625 1596 880 1663 Trinobantibus
892 1596 1013 1661 bellum
1028 1595 1136 1661 faeiat.

276 1685 330 1749 23.
354 1683 530 1749 Obsidibus
547 1686 698 1771 acceptis,
718 1684 894 1748 exercitum
910 1681 1036 1747 reducit
1049 1682 1090 1747 ad
1113 1704 1212 1757 mare,
1226 1704 1326 1747 naves

232 1768 511 1838 inuenitrelectas.
558 1768 619 1833 Hie
632 1768 790 1843 deductis,
804 1767 894 1854 quod
907 1780 941 1832 et
955 1767 1159 1856 captivorum
1170 1790 1327 1857 magnum

135 1884 138 1889 ·
233 1880 403 1925 numerum
412 1856 564 1929 habebat,
579 1868 613 1920 et
627 1853 790 1919 nonnulla
803 1866 991 1942 tempestate
1001 1853 1204 1941 deperierant
1215 1856 1325 1920 naves.

231 1945 356 2011 dnobus
376 1942 607 2009 commeatibus
625 1940 802 2007 exercitum
828 1952 995 2029 reportare
1018 1940 1168 2006 instituit.
1215 1941 1265 2006 Ac
1279 1941 1326 2006 sic

232 2032 362 2107 accidit,
390 2029 441 2095 uti
461 2050 502 2094 ex
528 2040 621 2093 tanto
647 2026 779 2092 navium
804 2049 949 2102 numero,
972 2040 1024 2093 tot
1051 2027 1324 2115 navigationibus,

233 2140 338 2202 neque
361 2116 434 2189 hoc,
457 2136 562 2200 neque
582 2136 620 2179 su
662 2114 747 2179 riore
767 2134 863 2187 anno,
888 2114 955 2179 ulla
980 2113 1108 2180 omnino
1124 2114 1223 2189 navis,
1250 2138 1326 2200 quae

233 2204 351 2269 milites
364 2212 524 2290 portaret,
537 2197 604 2263 desi
627 2210 788 2264 araretur:
812 2212 847 2263 at
861 2222 900 2263 ex
914 2199 964 2275 iis,
980 2224 1051 2287 quae
1067 2201 1174 2265 inanes
1188 2222 1227 2265 ex
1249 2223 1325 2266 wn-

234 2288 350 2355 tinenti
375 2286 509 2352 adeum
533 2284 789 2359 remitterentur,
818 2286 935 2374 prioris
957 2300 1150 2353 commeatus
1171 2287 1327 2375 expositis

233 2374 405 2447 militibus,
425 2385 459 2437 et
477 2394 558 2459 quas
586 2382 698 2459 postea
724 2370 882 2438 Labienus
906 2372 1062 2439 faciendas
1083 2387 1251 2439 curaverat
1265 2396 1324 2439 nu·

236 2482 327 2525 mero
351 2458 419 2524 LX.
447 2482 506 2546 per
549 2480 617 2522 uam
642 2456 749 2523 locum
776 2473 948 2548 caperent:
971 2460 1102 2546 reliquae
1125 2460 1193 2524 iere
1216 2483 1327 2526 omnes

232 2547 452 2635 rejicerentur.
532 2567 587 2609 uas
601 2567 702 2630 quum
716 2544 914 2632 aliquamdiu
931 2546 1038 2612 Gaesar
1061 2546 1182 2612 frustra
1195 2570 1325 2635 exspec-

233 2648 343 2709 asset,
368 2656 407 2697 ne
428 2631 502 2697 enni
525 2643 672 2720 tempore
696 2654 717 2696 a
742 2632 945 2719 navigatione
970 2632 1208 2707 excluderetur,
1232 2634 1326 2719 quod

234 2720 463 2809 aequinoctium
476 2717 620 2794 suberat,
634 2720 811 2783 necessario
822 2718 987 2807 angustius
1009 2720 1124 2785 milites
1146 2719 1329 2785 conlocavit

162 2838 166 2845 ·
234 2808 422 2882 ac,’summa
435 2805 671 2890 tranquillitate
684 2818 863 2880 comecuta,
881 2804 1016 2873 secunda
1038 2806 1117 2872 inita
1138 2828 1240 2907 quum
1262 2806 1326 2873 sol·

235 2894 334 2960 visset
352 2892 476 2977 vigilia,
491 2890 595 2977 prima
608 2890 678 2956 luce
692 2904 812 2957 terram
832 2892 950 2979 adtigit
964 2906 1136 2981 omnesque
1151 2892 1326 2959 rucclumes

232 3004 329 3047 naves
344 2976 507 3067 perduxit.
530 3025 534 3031 .

279 3066 332 3130 24.
357 3062 533 3130 Subductis
559 3062 706 3140 navibus,
747 3065 945 3153 concilioque
976 3065 1146 3131 Gallorum
1177 3066 1327 3132 Samaro-

233 3152 335 3220 brivae
350 3161 494 3241 peracto,
521 3148 610 3236 quod
633 3173 671 3215 eo
685 3173 768 3217 anno
792 3152 988 3218 frumentum
1003 3152 1036 3218 in
1053 3152 1160 3217 Gallia
1186 3164 1327 3241 propter

273 3316 394 3380 Imperat.
439 3313 504 3362 Nam
541 3327 638 3361 mmma
675 3328 757 3361 rerum
805 3322 831 3363 et
842 3313 925 3379 ipsum
939 3312 991 3363 dici
1005 3320 1098 3377 potest,
1115 3315 1219 3362 sednon
1229 3321 1325 3362 estne-

237 3378 425 3429 Cassiuellauno
444 3376 533 3427 tradita
552 3385 615 3425 erat.
630 3376 682 3426 vid.
698 3394 757 3441 cap.
805 3394 893 3429 cesses
910 3394 966 3429 nam
984 3384 1128 3438 censitum,
1145 3394 1223 3442 quem
1243 3392 1325 3441 nuper

241 3443 281 3492 ll.
297 3443 395 3494 lbidem
404 3446 436 3492 de
450 3442 538 3492 caruis
549 3440 678 3491 navalibus
691 3442 759 3491 dici·
806 3444 831 3492 in
848 3444 998 3494 Britanniam
1010 3451 1192 3506 transponant,
1202 3458 1266 3491 nune
1282 3458 1324 3491 re·

235 3516 284 3559 tur.
303 3510 340 3557 Μ.
807 3518 897 3572 portat.
916 3511 952 3557 Μ.
987 3511 1034 3557 l’m
1049 3510 1246 3571 meringum
1256 3508 1323 3557 bene

270 3574 431 3636 Lugotorige.
451 3570 511 3628 Alii,
523 3573 686 3635 θ’ψωήρι.
719 3572 758 3621 Μ.
803 3588 835 3622 ex
846 3589 914 3623 more
923 3574 1038 3631 Cereris,
1045 3571 1089 3621 alii
1099 3577 1231 3623 emunit.

238 3636 437 3687 SioetGraecus.
457 3635 605 3685 SedCelsus
618 3638 758 3701 Iaegoton'e.
844 3642 900 3688 Ulla
910 3654 977 3689 omn.
997 3641 1080 3687 mets.
1096 3636 1140 3685 alii
1158 3640 1234 3686 nullo
1251 3652 1323 3687 more

240 3704 347 3752 Videtur
363 3704 451 3752 saltem
469 3699 653 3750 Cesardueem
669 3716 757 3765 stege
805 3703 902 3763 Gnaeo,
913 3704 1016 3766 utapud
1028 3704 1139 3765 Propert.
1155 3708 1179 3760 2,
1194 3705 1231 3759 1⁵,
1242 3707 1266 3751 ⁵.

238 3767 396 3831 distinguere.
840 3766 1323 3825 &emananteecenmnroxa

274 3833 382 3881 Atrebot.
395 3835 493 3882 Cornus.
508 3846 534 3878 v.
544 3830 668 3888 4,21.M.
693 3832 759 3879 Hie·
805 3840 862 3881 ante
871 3836 963 3895 prioris
973 3832 1112 3881 tollendum
1123 3838 1176 3891 est,
1188 3840 1216 3879 ut
1229 3830 1325 3881 blann-

238 3894 623 4012 ”unztm'llttlr
642 3960 671 4007 n
697 3974 747 4023 a,
805 3894 1324 4011 “r’ntll‘nblf’l‘¹²⁰'¹⁶‘⁰²¹’·¹¹·

457 3995 466 4021 ,
616 3992 623 4006 .
671 3994 677 4006 .
749 3994 756 4007 .
838 3998 844 4010 .
1059 3992 1065 4005 .

236 4026 277 4072 2⁰·
301 4025 349 4072 Μ.
555 4037 558 4042 “
744 4042 746 4049 ·
838 4029 945 4075 Summa
980 4034 1062 4090 tranq.
1089 4034 1228 4075 emesenum.
1271 4025 1324 4075 nni

259 4088 374 4136 ¹liellusn
387 4087 478 4149 faciut.
510 4089 552 4139 Sic
570 4087 631 4138 boni
647 4088 721 4137 codd.
732 4096 758 4135 et
803 4106 930 4140 nummum
947 4094 1154 4153 munusue·
1170 4099 1325 4139 contemtus.

186 4142 192 4167 ²
237 4152 296 4201 edd.
316 4160 367 4199 vet.
392 4161 419 4200 et
444 4168 511 4219 sepe
538 4162 629 4203 noster.
673 4154 756 4218 Vulgo
839 4156 1035 4219 rasta-stom
1065 4164 1103 4204 -ut
1137 4158 1202 4205 usito
1228 4162 1325 4214 eume,

274 4282 467 4333 emerentibus.
476 4298 501 4330 r.
511 4283 566 4331 lud.
582 4282 619 4331 Μ.
819 4254 1034 4337 'remense
1062 4284 1129 4335 Hinc
1146 4283 1325 4349 intelligendus

272 4350 421 4415 Repcmom
447 4345 502 4399 Alii
520 4348 666 4413 domm
686 4350 757 4415 quod
803 4350 901 4404 Claud
919 4351 979 4405 Dis.
995 4353 1019 4411 l,
1033 4354 1071 4401 ll.
1086 4354 1124 4401 12.
1137 4351 1176 4399 lt.
1192 4358 1221 4399 ut
1236 4350 1326 4402 cells·
