2909 4809
432 215 520 324 urs.
543 241 591 310 ιι.
635 244 739 313 css.
763 244 903 314 35-38.
951 185 957 194 ⁴
1136 241 1232 336 aar
1323 328 1331 342 1

103 426 197 502 Μ,
217 448 258 490 110
280 451 338 493 sua
360 419 538 518 pertinacia
556 431 700 498 omnium
722 432 868 500 fortunas
925 429 1072 497 r'turbari
1087 427 1199 496 vellet.
1234 429 1236 432 ’
1271 480 1274 490 ,

103 512 188 604 Hec
210 535 312 601 quum
326 529 513 603 agerentur,
535 519 641 584 nuncii
657 521 809 607 praemissi
831 520 875 584 ab
964 541 982 581 e
1001 517 1022 582 J
1026 518 1091 590 uba
1105 537 1199 584 vene-

92 612 195 674 runt,
223 600 282 688 qui
306 601 400 668 illum
423 626 498 668 cum
524 606 648 693 magnis
671 607 774 695 copiis
798 605 907 670 adesse
932 540 1079 671 dicerent
1100 602 1199 669 etde

102 685 251 752 custodia
275 710 314 752 sc
335 687 528 754 defensione·
541 692 641 756 urbis·
655 691 881 758 hortarentur:
915 702 987 781 quoe
1010 713 1060 756 res
1086 712 1200 756 eorum

102 773 298 860 perterritos
309 774 431 840 snimos
444 773 655 842 confirmavit.
971 843 981 865 ⁸

145 857 204 924 37.
228 845 488 926 Nuntiabantur
506 859 574 928 haec
601 863 713 927 eadem
741 861 889 941 Curioni,
918 864 973 930 sed

1001 817 1201 949 aliquamdid

102 942 184 1010 fides
201 943 272 1011 lieri
291 969 357 1012 non
423 959 522 1012 terat:
547 959 671 1012 tantem
685 945 829 1013 habebat
849 971 980 1016 suarum
994 973 1105 1018 rerum
1119 939 1201 1015 lidu-

100 1031 201 1097 ciam:
221 1032 353 1119 jamque
399 1033 503 1098 amaris
524 1034 557 1098 in
580 1032 738 1123 Hispania
765 1057 814 1098 res
837 1036 985 1098 secunde
1007 1037 1041 1102 in
1056 1035 1202 1102 Africam

96 1117 229 1182 ‘nunciis
247 1140 290 1183 ‘ac
318 1119 436 1184 litteris
464 1120 724 1208 perferebantur.
773 1119 900 1194 Quibus
929 1118 1075 1188 omnibus
1104 1121 1204 1187 rebus

98 1204 263 1280 sublatus,
278 1204 358 1270 nihil
381 1217 495 1272 contra
515 1230 548 1272 se
564 1205 689 1294 Regem
702 1206 847 1272 nisurum
862 1205 1076 1275 existimabat.
1122 1205 1202 1278 Sed.

103 1289 165 1354 ubi
193 1291 290 1357 certis
315 1293 505 1358 auctoribus
534 1295 706 1382 comperit,
732 1292 842 1358 minus·
861 1293 1009 1380 quinque*
1031 1303 1066 1356 et
1088 1293 1205 1392 viginti

91 1376 234 1443 milibus
248 1378 345 1468 longe
364 1379 408 1446 ab
425 1379 524 1445 Utica
538 1379 605 1466 ejm
619 1380 726 1468 copias
741 1379 864 1454 abesse,
887 1378 1006 1444 relictis
1021 1377 1203 1444 munitioni·
1265 1455 1268 1462 .

103 1463 176 1538 bus,
191 1488 257 1530 sese
272 1464 305 1531 in
319 1477 424 1531 castra
437 1465 632 1531 Corneliana
645 1465 777 1554 recepit.
816 1464 893 1530 Huc
904 1465 1103 1532 frumentum
1118 1489 1204 1532 com·

103 1564 250 1649 portare,
273 1565 379 1618 costra
392 1552 529 1628 munire,
551 1554 721 1618 materiam
744 1552 891 1617 conferre
914 1553 1014 1636 coepit
1028 1551 1204 1639 statimque

102 1658 136 1701 ιιι
153 1636 299 1704 Siciliam
314 1638 413 1716 misit,
437 1640 487 1704 uti
501 1639 574 1704 dure
589 1638 731 1726 legiones
754 1639 960 1724 reliquusque
977 1637 1142 1724 equitatus
1157 1638 1202 1704 ad

101 1746 134 1788 se
149 1725 371 1792 mitterentur.
410 1726 526 1792 Castra
538 1738 631 1791 erant
642 1726 684 1792 ad
694 1725 818 1792 bellum
833 1725 1014 1790 ducendum
1025 1723 1202 1812 aptissima,

103 1822 222 1876 natura
236 1810 299 1877 loci
320 1824 354 1877 et
375 1812 551 1878 munitione
570 1825 604 1877 et
627 1814 723 1878 maris
746 1812 990 1902 propinquitate
1014 1824 1048 1876 et
1061 1834 1154 1912 aquae
1168 1823 1203 1876 et

101 1897 178 1961 salis
191 1898 296 1986 copia,
317 1899 409 1988 cujus
430 1922 548 1988 magna
570 1899 618 1965 vis
639 1900 705 1986 jam
727 1923 768 1964 ex
782 1897 936 1987 proximis
957 1909 1028 1962 erat
1042 1897 1148 1963 salinis
1164 1919 1203 1964 eo
1255 1960 1259 1980 ,

93 1998 267 2072 congesta.
314 1985 392 2051 Non
414 1986 547 2054 materia
565 1986 773 2050 multitudine
796 1985 964 2060 arborum,
981 2007 1044 2050 non
1059 1985 1203 2050 frumen·

103 2081 188 2146 tum,
216 2072 306 2159 cujus
328 2086 421 2138 erant
442 2071 615 2160 plenissimi
634 2072 718 2160 agri,
742 2069 880 2136 deficere
900 2083 1038 2159 poterat.
1084 2070 1202 2158 Itaque

102 2157 247 2222 omnium
259 2168 390 2224 s'uorum
403 2182 556 2225 consensu
572 2158 676 2224 Curio
690 2158 829 2246 reliquas
844 2159 954 2248 copias
968 2169 1153 2247 exspectare
1168 2171 1213 2223 et·

104 2243 232 2308 bellum
243 2245 362 2310 ducere
376 2245 524 2333 parabat.
568 2287 571 2292 -
1190 2287 1192 2296 ‚

144 2331 200 2395 38.
227 2330 287 2396 His
299 2331 482 2400 constitutis
494 2330 603 2408 rebus,
617 2332 827 2420 probatisque
840 2331 990 2408 consiliis,
1002 2331 1043 2398 'ex
1057 2329 1203 2420 perfugis
1307 2343 1309 2348 '

102 2415 297 2502 quibusdem
325 2416 495 2506 oppidanis
531 2419 634 2494 audit,
674 2419 809 2496 tubam,
844 2415 1048 2512 revocatum
1063 2417 1201 2484 finitimo

102 2501 192 2568 bello
206 2517 241 2568 et
255 2503 750 2592 controversiisleptitanorum,
764 2507 915 2572 restitisse
936 2505 969 2572 in
985 2505 1118 2594 Regum
1142 2505 1202 2570 Sa·

100 2587 231 2665 buram,
256 2590 325 2678 ejus
351 2590 557 2666 Praefectum,
584 2614 658 2658 cum
687 2591 902 2658 mediocribus
930 2589 1034 2680 copiis
1059 2591 1201 2666 missum,

103 2675 502 2766 Uticaendpropinqnare.
548 2677 610 2748 His
623 2679 812 2743 auctoribus
830 2691 951 2742 temere
966 2677 1111 2752 credens,
1126 2697 1201 2751 con·
1263 2687 1271 2698 ’

97 2762 208 2828 silium
220 2776 400 2830 commutat
414 2777 448 2831 et
463 2763 581 2854 proelio
594 2788 664 2830 rem
678 2763 879 2859 committere
890 2761 1084 2828 constituit..
1111 2761 1203 2830 Mul·

101 2986 245 3050 latinitatis,
260 2997 285 3038 et
300 2989 418 3054 analogis
436 2990 507 3040 verbi
524 2995 628 3056 iamper
676 2995 718 3040 49.
734 2989 856 3040 Frondem
869 2987 956 3053 paucis
966 2987 1056 3052 adtigit
1067 2987 1204 3040 hominus

102 3053 224 3115 defendit,
238 3056 282 3104 cui
295 3054 491 3119 Oudendorpius
500 3059 571 3115 inibi,
586 3061 628 3105 irs·
676 3059 780 3120 Strateg.
792 3061 817 3114 2,
828 3061 853 3115 ⁵,
866 3059 906 3104 to.
919 3055 962 3102 M.

101 3133 196 3175 coram,
228 3122 331 3170 mamm
362 3121 470 3171 addidit.
519 3119 626 3170 Vossius
710 3123 887 3170 Corurooerrir's
909 3119 997 3184 Leptit.
1030 3119 1068 3168 De
1088 3117 1129 3168 bis
1146 3118 1201 3167 vid.

102 3185 340 3248 marijampatom
352 3185 449 3234 maluit.
467 3187 506 3239 M.
675 3185 857 3235 narsem.
890 3183 932 3232 Gl.
949 3184 1013 3233 ibid.
1031 3201 1053 3234 c.
1065 3185 1088 3231 t.
1106 3190 1132 3231 et
1142 3181 1202 3232 Cel·
1297 3211 1301 3221 ·

138 3249 231 3312 Reqem
240 3253 364 3299 mmmm.
380 3251 572 3300 eliiuusurum.
674 3250 765 3300 larium
787 3250 814 3300 ἰιι
835 3248 909 3298 notit.
930 3249 986 3298 orb.
1008 3251 1033 3308 4,
1058 3249 1083 3305 4,
1105 3251 1130 3296 8.
1153 3248 1199 3297 nbi

138 3313 226 3375 canpe
245 3316 279 3364 ab
302 3317 380 3364 Utica.
412 3317 440 3364 ld
458 3318 530 3381 lonps
551 3316 626 3367 codd.
674 3315 793 3374 ostendit,
813 3315 879 3363 hanc
890 3312 981 3377 Leptin
998 3327 1052 3362 esse
1068 3311 1201 3372 minorem,

104 3376 211 3426 babent.
241 3379 311 3428 Male
326 3380 404 3440 deleri
418 3381 507 3430 volunt
524 3381 589 3439 Scul.
602 3391 628 3430 et
674 3381 701 3430 in
720 3396 752 3430 es
769 3379 873 3444 regione
890 3379 974 3438 sitam,
988 3393 1047 3442 quse
1061 3375 1200 3439 Byzacium
1283 3434 1287 3442 ι

103 3439 227 3491 Cisrcon.
259 3443 300 3493 Cf.
321 3445 412 3494 Wasse
431 3447 464 3494 sd
483 3445 544 3494 Sall.
567 3445 626 3509 Jug.
675 3446 744 3495 dicta
761 3453 808 3502 est,
826 3445 893 3492 haud
911 3443 999 3506 procul
1012 3443 1158 3500 Adrumeto,
1174 3449 1200 3489 et
1265 3447 1269 3452 '

103 3521 128 3554 c·
141 3509 164 3555 'l-
313 3561 317 3567 ,
676 3511 799 3560 diversum
815 3507 917 3571 oLepti
932 3509 1035 3571 majore,
1052 3521 1108 3568 que
1124 3507 1200 3568 longe
1247 3554 1251 3561 ,

139 3575 231 3622 Castra
240 3574 529 3624 emtowidodc.
538 3576 580 3622 st.
590 3576 627 3624 M.
675 3585 771 3625 remote
784 3571 832 3622 luit
845 3589 861 3622 e
871 3571 979 3622 minore.
1012 3571 1122 3633 Utraque
1139 3585 1200 3620 cum

140 3637 303 3688 urerentur.
336 3637 410 3690 cont.
432 3643 455 3699 1,
476 3643 517 3690 80.
538 3645 563 3699 2,
585 3643 627 3688 28.
675 3640 750 3701 stibi,
771 3647 823 3688 tum
843 3637 869 3685 in
890 3636 997 3686 itinerar.
1009 3639 1103 3684 Anton.
1121 3651 1146 3698 p.
1158 3637 1201 3694 57,
1288 3646 1292 3654 ·

93 3699 164 3758 ,stis
176 3706 323 3752 mitteretur.
678 3711 719 3756 58.
735 3704 797 3754 edit.
811 3701 959 3766 wesseling.
977 3705 1201 3751 commemoretur.

140 3766 243 3816 Natura
265 3774 289 3816 et
310 3770 358 3818 loct
377 3773 522 3819 mundiore.
566 3769 628 3834 Leg.
678 3774 758 3834 Atque
775 3767 812 3818 sic
827 3765 936 3816 correxit
950 3765 1073 3829 Cellarius
1087 3779 1127 3824 ea,
1142 3779 1202 3827 quse

103 3836 202 3880 natura
220 3833 310 3881 locist
328 3848 401 3882 mem.
433 3832 628 3886 Monuit'etism
677 3836 703 3885 in
714 3835 782 3885 notis
799 3835 832 3882 ud
845 3841 958 3882 nostrum
974 3831 1040 3879 hunc
1052 3831 1137 3878 locum
1148 3844 1203 3878 sus-

103 3894 267 3946 Marclandus
287 3897 313 3945 in
334 3897 460 3961 Explicat.
482 3910 544 3949 rect.
562 3910 627 3950 auct.
679 3900 779 3965 piretus
791 3899 879 3956 suerat,
895 3904 1045 3960 corruptum
1057 3893 1107 3943 sibi
1119 3893 1200 3943 videri
1223 3949 1224 3952 Ἴ

104 3975 132 4022 p.
145 3960 201 4009 268.
235 3961 268 4009 Et
282 3961 340 4026 quis
357 3978 408 4012 non
427 3971 516 4028 sponte
530 3965 628 4015 videat?
677 3981 770 4014 nomen
796 3965 992 4027 Leptitauomrm,
1010 3960 1134 4022 deceptus
1151 3959 1203 4007 lor-

106 4025 147 4073 M.
181 4026 294 4075 Restitui
321 4027 376 4091 jure
403 4030 544 4092 meritoque
569 4046 628 4080 cum
672 4029 915 4087 ‚tosseaGlcreonQ
931 4025 975 4090 qui
989 4025 1080 4090 etipse
1095 4023 1204 4073 hicne-

106 4087 175 4138 Ond.
208 4089 247 4138 Cl.
258 4095 364 4141 c.81et
375 4097 416 4142 35.
678 4103 750 4144 serat.
770 4095 807 4141 M.

87 4196 94 4208 .
139 4155 181 4202 Et
189 4153 434 4219 persepe-nudet.
459 4157 569 4209 Narrant
577 4155 629 4210 reni
712 4150 851 4208 Suburam.
885 4155 1003 4220 Appiano
1020 4161 1058 4204 est
1078 4152 1203 4221 Σιβούρῤις

97 4219 222 4294 ¹Appias.
233 4225 258 4279 9,
269 4225 309 4271 45.
327 4239 355 4287 p.
366 4227 422 4273 455.
445 4223 496 4274 Dio
505 4225 575 4274 Cass.
590 4227 630 4284 41,
677 4223 798 4275 Frontino
812 4224 919 4274 Sabora.

1056 4307 1076 4358 z
1145 4269 1152 4284 .
