2909 4809
200 280 234 349 iv
388 286 392 293 '
622 276 880 347 PRAEFATIO.

205 467 327 558 majore
359 468 419 535 ista
447 464 766 535 Ouornoonrrsns
796 466 977 543 editionc*,
1006 460 1100 555 hodie
1128 458 1303 527 admodum

206 604 292 657 rara,
307 579 465 658 destituti,
479 577 522 644 ad
536 579 761 669 explicandum
771 579 953 669 junioribus
962 590 1128 644 auctorem
1138 573 1306 649 accedunt,

207 704 340 783 gratum
367 716 419 761 me
443 690 552 757 fecisse
581 690 717 759 confido.
765 693 837 757 Nec
865 689 1074 780 injucundum
1099 686 1160 753 hoe
1186 683 1310 750 accidet
1402 716 1407 724 ·

207 806 290 883 aliis,
313 806 371 894 qui
393 804 529 894 proprio
553 805 664 871 Marte
685 804 718 869 in
735 804 893 870 Omnem
914 801 1086 891 legendum
1106 798 1309 872 incumbunt,

208 938 312 1005 quum
334 915 378 982 sie
400 915 441 981 de
456 913 580 981 ratione
598 913 745 983 lectionis
758 925 900 1003 acceptae
915 912 1026 1001 aptius
1042 910 1189 1001 judicare
1204 908 1309 974 liceat.

209 1028 296 1098 Tum
310 1026 489 1094 cavendum
502 1026 696 1105 arbitrabar,
718 1048 759 1092 ne
777 1026 908 1104 tirones,
932 1022 1022 1111 quod
1036 1022 1137 1112 vulgo
1151 1020 1222 1087 fieri
1237 1041 1312 1084 con-

209 1140 326 1219 suevit,
350 1162 586 1230 quamcumque
606 1140 777 1207 lectionem
793 1140 826 1205 in
847 1162 904 1205 sua
919 1136 1056 1227 quisque
1069 1134 1212 1202 editione
1226 1133 1313 1200 inve·
1373 1200 1377 1207 ,

210 1251 307 1327 uerit,
323 1274 393 1321 eam
408 1250 686 1341 ipsius-scriptoris
700 1250 797 1316 fuisse
808 1248 938 1339 putent.

256 1363 383 1441 Sicubi,
406 1365 496 1453 quod
517 1388 615 1454 parce
637 1365 835 1441 factum-ab
857 1358 1140 1450 Oudendorpiana,
1164 1380 1261 1447 quam
1280 1367 1314 1422 et

94 1497 98 1506 “
192 1490 196 1497 ’
213 1474 331 1544 Morus
343 1498 432 1541 suam
442 1476 574 1552 fecerat,
587 1475 768 1541 recensione
782 1475 908 1551 recessi,
920 1498 993 1562 quae
1004 1496 1056 1537 me
1069 1472 1152 1537 ratio
1163 1467 1315 1543 moverit,

175 1664 179 1669 ‚
211 1584 378 1653 indicavi.'
404 1586 599 1674 Fragmenta
616 1588 749 1654 Caesaris
767 1598 803 1653 et
818 1586 1000 1653 testimonia
1015 1597 1162 1651 veterum
1175 1580 1315 1657 restitui,

199 1682 232 1762 ¹a
261 1697 362 1763 Moro
389 1698 548 1787 neglecta.
595 1697 703 1787 Hujus
727 1698 904 1787 diligentia
927 1694 1047 1761 sedulae
1075 1692 1195 1775 indices
1216 1691 1316 1762 debet

212 1806 329 1903 lector,
356 1832 437 1898 quos
455 1792 612 1899 ¹pauculis
632 1809 705 1875 hinc
733 1810 805 1875 inde
829 1807 985 1897 adspersis
1010 1806 1097 1873 auxi.
1142 1803 1317 1871 Recentius

212 1920 361 2007 quasdam
374 1908 593 1989 aninmdverm
606 1922 639 1986 in
655 1920 845 1987 Mentissam
859 1919 990 2009 conjeci.

157 2072 160 2077 -
260 2028 299 2095 In
321 2032 358 2097 iis
380 2031 470 2109 locis,
492 2056 565 2119 quae
583 2036 623 2098 de
640 2009 813 2101 Gallorum
837 2035 1141 2117 Germanorumque
1161 2028 1319 2117 religione

214 2150 251 2205 et
271 2140 415 2206 moribus
434 2151 550 2229 agunt,
572 2140 714 2229 itemque
743 2140 783 2207 de
807 2143 988 2209 Germaniae
1007 2141 1208 2215 animalibus,
1230 2152 1319 2204 recte

88 2278 93 2285 ·
206 2250 369 2340 ‘judicasse
387 2252 521 2318 Morum
536 2274 660 2328 censeo,
684 2250 760 2315 “de
776 2250 824 2317 his
838 2253 935 2319 rebus
949 2250 1178 2318 moderandum
1193 2272 1258 2315 esse
1272 2250 1319 2317 ita

60 2432 63 2443 ,
152 2448 162 2465 μ
215 2374 238 2405 “
252 2361 425 2451 judicium,
452 2386 493 2428 ne
522 2374 670 2452 tempora
700 2363 906 2440 misceantur,
933 2386 973 2429 ne
1002 2362 1054 2430 vel
1080 2363 1238 2428 Tacrrus
1265 2362 1319 2429 vel

215 2486 239 2518 ‘⁶
258 2476 399 2553 Cnseo,
421 2476 591 2565 siquando
605 2477 803 2553 dissentiant,
817 2478 982 2545 necessarii
995 2476 1113 2544 erroris
1127 2485 1320 2566 arguantur,

214 2598 239 2629 “
255 2608 296 2653 ne
312 2586 465 2653 Ronmnis
479 2589 613 2655 vocibus
627 2612 776 2678 expressa
791 2582 964 2677 propterea
984 2588 1028 2655 ad
1043 2588 1205 2663 Romanos
1218 2608 1321 2652 mores

123 2788 128 2793 Ι
216 2712 241 2742 “
256 2711 463 2776 revocentur,
486 2700 541 2765 sed
556 2713 593 2765 ut
608 2700 705 2789 ipsius
720 2700 858 2765 trationis
872 2698 1044 2765 domestica
1057 2698 1213 2764 sentiendi
1227 2718 1334 2787 agen.

217 2806 360 2895 “dique
381 2808 580 2873 consuetudo
597 2807 640 2872 ab
661 2807 725 2897 illis
743 2808 908 2874 vocabulis
929 2808 1048 2873 exteris
1066 2821 1260 2882 secernatur,
1284 2829 1325 2871 ne

197 2902 242 2962 '“
259 2904 392 2983 nimium
421 2915 588 2981 tribuatur
623 2918 828 3006 etymologia
862 2920 1038 2986 verborum
1072 2920 1327 2985 obsoletorum.”

220 3027 319 3105 Quod
332 3024 374 3093 ad
388 3024 444 3091 illa
458 3027 529 3090 loca
543 3024 683 3102 adtinet,
700 3026 818 3114 quibus
835 3038 1010 3095 structurae
1030 3031 1192 3120 pontium,
1208 3028 1325 3096 machi-

220 3160 335 3203 narum
364 3136 568 3225 aliarumque
604 3158 725 3210 rerum,
760 3136 841 3223 item
876 3138 956 3203 artis
987 3141 1084 3227 ipsius
1105 3134 1262 3209 'militaris
1288 3143 1327 3207 fit
1379 3184 1388 3199 -

221 3251 356 3327 mentio,
378 3247 421 3313 ad
447 3273 501 3315 eos
525 3258 675 3313 auctores
705 3259 793 3313 recte
821 3248 948 3339 Morus·
968 3251 1104 3316 lectores
1126 3236 1327 3342 ¹ablegandos

223 3361 335 3438 suasit,
358 3358 476 3448 quide
497 3357 617 3425 talibus
637 3382 677 3423 ex
701 3359 845 3446 professo
867 3371 903 3425 et
923 3360 1000 3426 data
1021 3384 1121 3449 opera
1135 3374 1327 3441 tractarunt,
1440 3435 1441 3440 γ

222 3492 361 3559 quorum
372 3468 499 3555 aliquos
513 3492 588 3535 mon
599 3469 817 3537 indicabimus.

266 3584 319 3649 De
342 3580 417 3670 ipsis
441 3580 575 3647 Caesaris
599 3583 833 3679 commentariis
853 3582 979 3650 diversa
992 3585 1162 3653 doctorum
1183 3589 1330 3655 virorum

220 3695 339 3787 judicia
354 3694 427 3759 inde
441 3717 461 3758 a
475 3692 594 3758 renatis
608 3692 700 3758 bonis
721 3693 839 3761 litteris
859 3720 924 3762 esse
945 3697 1022 3774 lata,
1045 3712 1158 3765 notum
1171 3702 1327 3778 estsotis3

224 3828 328 3894 neque
343 3804 413 3869 heic
433 3802 610 3895 repetenda
634 3826 699 3868 esse
718 3803 843 3893 judico,
867 3830 939 3894 quae
961 3808 994 3874 in
1009 3820 1182 3899 utramque
1203 3827 1329 3901 partem

224 3924 302 3980 sunt
329 3912 505 4001 disputata.
562 3912 721 3978 Veterum
750 3913 946 3992 testimoniis,
979 3918 1190 3997 Orcnnonrs',
1219 3922 1330 3989 Suna-

213 4120 277 4257 lb·
294 4127 393 4179 Prodiit
402 4128 433 4179 L.
443 4128 474 4178 B.
489 4128 559 4177 lter.
571 4126 696 4178 chl.
730 4126 842 4177 Omissis
853 4128 920 4178 notis
930 4128 989 4179 dein
1001 4131 1111 4194 repetita
1127 4130 1330 4200 paucismutatis
1439 4117 1440 4128 ¹

215 4206 236 4259 ‘i
259 4242 264 4254 .
284 4208 354 4257 17⁴⁰.
372 4209 397 4256 8.
1320 4228 1324 4236 ·
