2909 4809
405 288 493 359 us.
516 290 606 361 uu:
642 294 912 387 ose-susa.
1150 298 1221 367 am

114 493 213 631 puos‘
226 477 266 545 ei·
286 480 418 570 negotio
443 482 649 634 prefecerat,
673 484 824 552 celeriter
848 486 1091 553 transmittitur.
1137 486 1216 557 Uno
1307 524 1311 535 ·

130 589 188 631 ere
204 577 352 657 tempore
366 569 428 635 sub
455 592 548 635 ucem
570 570 718 638 hostibus
744 572 928 651 nunciatur,
957 575 990 641 in
1016 572 1218 642 castris'Ro·

115 676 289 720 manorum
303 670 424 743 praeter
440 658 701 726 cousuetudinem
716 660 912 725 tumultuari
936 672 970 727 et
1093 686 1147 727 um
1170 661 1218 729 ire

114 764 235 829 agmen
249 740 384 809 adverso
399 742 541 823 flumine,
553 747 761 837 sonitumque
776 770 938 814 remorum
951 748 986 814 in
1059 772 1110 815 ern
1122 760 1217 837 parte

114 828 264 894 exaudiri
276 842 310 895 et
325 829 437 929 paullo
453 832 539 899 infra
553 832 672 899 milites
685 832 822 900 navibus
835 836 1070 925 transportari.‘
1087 835 1216 911 Quibus
1285 860 1289 865 ·

115 915 218 981 rebus
231 915 363 1005 auditis,
376 918 466 1007 quod
481 918 706 986 existimabant
722 920 828 986 tribus
837 920 914 987 locis
927 922 1064 989 transire
1071 921 1106 1011 le
1130 922 1217 1001 iones

114 1015 220 1090 atque
253 1027 373 1082 omnes,
411 1008 622 1095 perturbatos
656 1006 837 1075 defectione
873 1008 1070 1085 AEduorum,
1105 946 1217 1098 bigam

162 1113 247 1167 rare,
276 1114 350 1157 suas
376 1116 507 1195 quoque
537 1097 647 1196 copias
674 1095 708 1162 in
739 1096 797 1161 tris
827 1109 937 1184 partes
965 1096 1225 1163 distribuerunt.'

154 1200 221 1253 arn,
248 1190 283 1244 et
306 1180 456 1280 praesrdio
483 1204 501 1245 e
527 1204 658 1270 regione
686 1196 869 1250 castrorum
899 1183 1026 1261 relicto,
1053 1194 1088 1249 et
1115 1206 1217 1272 parva

114 1286 216 1330 mauu
232 1266 451 1333 Metiosedum
465 1291 577 1334 versus
590 1271 694 1351 missa,
718 1294 792 1358 quae
807 1281 934 1337 tantum
948 1270 1215 1360 progrederetur,

114 1366 278 1503 puantum
292 1376 389 1421 naves
397 1356 634 1445 processissent,
644 1358 786 1446 reliquas
794 1358 902 1448 copias
911 1371 1025 1425 contra
1035 1356 1216 1424 Labienum

140 1452 304 1506 exerunt.
1046 1466 1048 1471 ’

162 1527 228 1590 62.’
254 1528 366 1593 Prima
394 1528 467 1595 luce
494 1541 529 1595 et
555 1530 657 1598 nostri
682 1554 789 1598 omnes
819 1546 911 1599 erant
941 1533 1153 1620 transportati
1182 1526 1219 1599 et'

115 1610 259 1681 hostium
291 1615 376 1681 acies
405 1617 609 1685 cernebatur.
656 1618 830 1694 Labienus,
861 1618 981 1685 milites
1016 1618 1231 1696 cohortatum

117 1710 143 1739 “
159 1714 199 1766 ut
212 1726 278 1767 suae
293 1702 438 1791 pristinae
452 1704 584 1771 virtutis
599 1719 634 1773 et
649 1717 701 1771 tot
714 1706 1013 1773 secundissimorum
1026 1707 1216 1793 proeliorum

116 1796 140 1827 “
156 1790 345 1855 memoriam
359 1790 664 1881 retinerent,>atque
683 1794 790 1880 ipsum
815 1793 985 1867 Caesarem,
1006 1792 1098 1878 cujus
1112 1793 1215 1858 ductu

116 1886 140 1915 ‘⁴
155 1898 378 1964 saepenumero
393 1876 499 1943 hostes
511 1892 724 1967 superassent,
738 1892 926 1966 praesentem
938 1876 1047 1943 adesse
1058 1880 1216 1951 existima-

117 1972 141 2003 “
157 1965 264 2039 rent,’'
292 1962 350 2029 dat
379 1963 504 2066 signum
531 1968 649 2067 proelii.
702 1966 812 2032 Primo
842 1988 1001 2031 concursu
1030 1964 1073 2031 ab
1098 1966 1216 2033 dextro

115 2072 230 2126 cornu,
253 2050 312 2117 ubi
332 2065 471 2139 septima
484 2053 570 2141 legio
584 2053 787 2130 constiterat,
812 2053 918 2120 hostes
932 2052 1102 2143 pelluntur
1116 2066 1216 2140 atque

116 2136 150 2201 in
165 2136 280 2225 fugam
294 2139 530 2226 conjiciuntur:
554 2141 598 2206 ab
617 2140 756 2217 sinistro,
780 2164 876 2229 quem
900 2141 1007 2206 locum
1029 2138 1216 2207 duodecima

115 2223 203 2312 legio
231 2226 377 2302 tenebat,
406 2250 509 2313 quum
532 2227 631 2317 primi
656 2226 785 2293 ordines
807 2227 947 2294 hostium
972 2226 1116 2293 transfixi
1142 2227 1217 2316 pilis

114 2310 342 2388 concidissent,
358 2326 466 2379 tamen
483 2315 636 2382 acerrime
661 2315 779 2402 reliqui
805 2315 1007 2391 resistebant,
1033 2336 1093 2381 nec
1115 2314 1217 2381 dabat

115 2398 333 2487 suspicionem
357 2400 445 2487 fugae
471 2402 654 2489 quisquam.
700 2400 774 2491 lpse
804 2400 871 2467 dux
894 2401 1034 2468 hostiurn
1064 2402 1229 2469 Camulo-'

115 2506 219 2571 genus
230 2486 296 2551 suis
309 2486 421 2553 aderat
434 2498 534 2576 atque
549 2513 603 2555 eos
617 2487 862 2555 cohortabatur.
909 2490 967 2565 At,
980 2488 1103 2555 incerto
1119 2489 1217 2555 etiam

115 2594 203 2637 nunc
222 2574 314 2639 exitu
330 2574 492 2654 victoriae,
512 2600 614 2678 quum
639 2576 783 2665 septimae
812 2576 946 2664 legionis
971 2575 1112 2641 tribunis
1133 2588 1224 2641 esset

115 2659 318 2736 nunciatum,
333 2685 407 2748 quae
424 2662 458 2727 in
480 2662 609 2729 sinistro
634 2686 737 2728 cornu
760 2674 963 2750 gererentur,
988 2673 1062 2749 post
1084 2674 1216 2748 tergum

116 2744 259 2811 bostium
273 2746 434 2834 legionem
456 2749 669 2816 ostenderunt
689 2750 845 2837 signaque
868 2749 1062 2814 intulerunt.
1109 2748 1162 2813 Ne
1176 2772 1215 2814 eo

115 2832 252 2919 quidem
266 2847 414 2924 tempore
426 2838 499 2925 quis
523 2861 598 2903 uam
614 2838 686 2903 loco
700 2838 805 2913 cessit,
818 2836 873 2902 sed
884 2834 1096 2901 circumventi
1107 2858 1217 2901 omnes

115 2918 348 3009 interfectique
373 2936 461 2988 sunt.
500 2862 663 2991 tldamdem
689 2925 855 2990 fortunam
870 2923 948 2989 tulit
964 2923 1215 3009 Camulogenus.

117 3006 166 3071 At
180 3006 215 3081 ii,
228 3009 286 3094 qui
301 3010 451 3097 praesidio
465 3024 578 3077 contra
592 3024 698 3077 castra
714 3010 850 3076 Labieni
865 3022 959 3076 erant
974 3009 1092 3083 relicti,
1113 3032 1229 3111 quum*

115 3094 273 3183 proelium
285 3098 485 3167 commissum
500 3098 673 3174 audissent,
687 3098 829 3165 subsidio
841 3097 904 3165 suis
919 3100 1027 3195 ierunt
1035 3095 1217 3184 collemque

155 3386 333 3436 Transcellensi.
355 3385 467 3450 passive,
488 3387 646 3445 ut'aliude·
694 3398 744 3439 tur.
776 3380 1215 3445 Ct.0e11sriusc.a.a‚s.t.tt.'

118 3449 255 3515 psentia.
281 3450 315 3500 V.
332 3450 449 3503 Petinus.
467 3456 500 3503 ad
518 3452 603 3505 Sanct.
620 3458 644 3515 8,
694 3454 872 3516 tenentum
883 3470 960 3519 opere
971 3454 1042 3503 citat.
1052 3453 1083 3501 ud
1094 3467 1152 3515 cap.
1166 3447 1218 3507 ll.)

121 3519 162 3564 ll.
175 3532 202 3581 p.
215 3518 272 3565 318.
404 3524 408 3535 “
694 3520 725 3568 Τ.
738 3520 758 3568 l.
778 3536 804 3583 p.
827 3523 881 3569 1⁵9.
900 3517 990 3583 quaerit
1001 3518 1171 3567 Metiosedum
1190 3514 1215 3562 in

154 3582 191 3631 Ire
210 3582 301 3631 codem
314 3590 398 3647 porte.
419 3580 467 3633 ulii
486 3586 516 3633 in
536 3582 645 3634 eoadem
695 3584 922 3648 locodictoJotuy
940 3584 1027 3647 paullo
1044 3598 1121 3645 supra
1139 3582 1217 3643 Lute-

220 3682 227 3695 ·
693 3650 767 3710 tiam,
776 3650 821 3713 qui
833 3664 924 3699 nomen
939 3647 1039 3713 ceperit
1056 3662 1089 3695 ex
1099 3644 1217 3720 Josedusrs

153 3711 327 3762 Metiosedum.
353 3712 461 3763 Videtur
470 3729 525 3763 esse
534 3714 645 3763 Messon
695 3730 741 3779 per
762 3714 957 3763 diminutionem
979 3711 1090 3763 nominis
1108 3718 1216 3783 antiquu-

127 3778 185 3826 ntra
195 3776 332 3826 Lutetiam.
351 3776 421 3828 Male
430 3778 476 3828 alii
489 3795 534 3843 pro
547 3778 643 3841 oppido
694 3782 722 3830 ld
734 3780 816 3843 ipsum
831 3781 885 3844 jam
902 3780 1026 3829 Glareano
1044 3778 1172 3841 placuerat
1188 3788 1216 3821 ιιι

121 3840 329 3892 Corbellhabent.
345 3843 462 3893 Discedit
468 3843 645 3893 bieuValesio
693 3844 762 3895 notis
771 3847 803 3894 ad
815 3844 842 3893 h.
853 3846 871 3893 l.

728 3911 890 4027 ιε’-ιι
905 3908 1134 4023 remu

144 3988 179 4021 au
227 3988 252 4036 p.
324 3990 365 4023 .u
386 3990 395 4023 ι
592 3988 643 4022 non
875 3990 942 4023 ,ιιι
1061 4007 1068 4022 .

119 4053 137 4087 a
146 4038 281 4087 neonem
292 4037 420 4088 diversum
434 4038 580 4096 arbitratur,
596 4053 644 4088 nec
729 4041 889 4091 emacem.
906 4039 931 4087 in
940 4038 1000 4088 aliis
1011 4039 1060 4087 boc
1071 4038 1150 4086 deest.

120 4102 154 4151 de
172 4102 233 4152 loeo
251 4101 318 4152 iutra
332 4104 460 4155 lutetiam
476 4104 527 4155 sito
538 4102 582 4153 hic
594 4102 645 4166 agi.
730 4108 823 4155 Contra
840 4114 924 4156 casua
936 4104 999 4153 tot.
1018 4120 1032 4152 e
1049 4102 1152 4167 regione
1161 4114 1216 4149 ω-

120 4168 206 4219 Cardo
223 4167 261 4217 rei
276 4168 381 4217 vertitur
398 4170 423 4219 iu
442 4170 592 4233 que-tione,
612 4170 645 4218 de
693 4178 798 4221 trorum.
809 4168 862 4220 vid.
873 4172 1049 4235 cap-Glextr.
1066 4170 1102 4217 Μ.
1131 4166 1172 4215 Sic
1184 4164 1217 4213 C.

121 4232 189 4281 iisne
215 4230 326 4286 nuribus
350 4233 393 4284 hic
420 4234 454 4284 sit
476 4248 568 4294 sermo,
587 4250 645 4297 quse
699 4238 775 4295 l,56.
791 4244 878 4286 contro
895 4236 1047 4285 Massiliam.
1058 4234 1092 4282 Η.
1102 4234 1141 4281 st.
1159 4244 1219 4279 coo·

120 4300 256 4357 secundo,'
271 4313 305 4347 au
331 4315 389 4361 ques
414 4300 521 4351 adverso
543 4299 646 4349 flumine
695 4309 737 4352 tro
759 4303 918 4365 Pompeium,
939 4308 968 4354 ut
986 4298 1043 4350 heic
1063 4298 1109 4348 ulii
1131 4300 1219 4346 costtru

119 4374 194 4414 erent
210 4379 365 4437 pmgrm3
381 4364 452 4429 prius
469 4362 650 4436 mibividetur
696 4366 845 4417 hadimuot.
999 4362 1003 4377 ¹

120 4428 217 4498 potius,
226 4444 290 4495 quta
301 4432 480 4495 prvu'urunu'a
490 4431 525 4485 iis
533 4430 647 4497 obponi·
