2909 4809
222 231 309 310 603ἱ
434 239 674 311 MANTISSA
696 239 1105 324 OBSERVATIONUM

224 430 258 506 6,
273 429 324 496 38.
348 429 391 496 od
404 430 565 497 Goesurem.
611 428 744 517 Respice
754 427 795 494 ed
807 439 915 496 notate
926 428 967 494 ed
983 429 1011 506 l,
1026 429 1078 494 31.

224 517 367 582 Amnes.
385 541 447 582 non
461 517 580 582 auimo.
614 515 712 604 Apud
737 516 896 616 Nepotem
919 529 1030 582 contra
1046 517 1079 580 in
1099 515 1253 589 Eumene,
1277 514 1314 577 4.

269 623 364 687 quum
378 603 513 668 atterum
524 605 635 669 anima
647 601 823 686 reliqueret.

225 687 259 764 6,
273 688 325 752 42.
341 688 507 754 iudicavit.
553 691 685 754 Grecos
698 692 778 762 ἔγνω.

225 773 259 852 7,
278 776 326 838 ll.
349 785 386 839 ut
400 797 429 861 q.
467 774 552 839 .t'ter
564 774 741 858 conficeret.
786 773 850 838 Pro
864 771 1033 856 conficeret
1048 772 1134 838 Oud.
1149 772 1317 862 conjectat

140 865 145 875 ’
268 860 331 950 leg.
356 881 416 926 eost
477 871 519 938 et,
537 872 576 926 ut
594 886 621 926 c.
645 861 697 924 58.
748 859 834 924 Hinc
849 858 954 925 Bentl.
967 872 1116 924 consueta
1129 859 1263 924 cumeis
1275 867 1318 924 ut

272 946 794 1032 pwmmcuntmereseoufieret.

227 1032 262 1109 7,
276 1032 328 1096 20.
351 1033 532 1099 ntosolute.
578 1033 687 1100 Devis.
710 1045 745 1098 et
761 1031 879 1098 Clarke
898 1031 1074 1098 maloude.
1120 1031 1226 1097 Bentl.
1249 1051 1316 1096 sua

269 1117 425 1199 utilitate,
446 1143 518 1186 sune
531 1120 647 1208 inepte.
1215 1177 1218 1184 .

228 1205 262 1281 7,
276 1204 328 1270 27.
351 1205 594 1272 adscendissent.
640 1202 733 1270 Adde
746 1205 874 1270 omnino
887 1205 972 1271 Oud.
988 1204 1029 1270 ad
1045 1207 1134 1270 Suet.
1164 1203 1187 1268 J
1190 1201 1236 1268 ul.
1252 1201 1311 1266 61.

228 1291 262 1368 7,
276 1290 329 1355 29.
351 1297 545 1360 sanaturum.
567 1294 674 1358 forsan
682 1291 874 1357 sortiturum
888 1291 993 1358 Bentl.

228 1377 262 1454 7,
272 1376 330 1527 ΞΟ.
352 1379 527 1528 ppguidere.
554 1379 605 1457 ,Ε
632 1377 808 1468 longinquo
831 1377 946 1444 videre.
972 1401 1002 1444 v.
1032 1376 1117 1443 Oud.
1144 1375 1185 1442 ed
1213 1377 1312 1442 Suet.

229 1549 263 1625 7,
277 1483 617 1618 33llgdetrimeutosum.
640 1551 746 1616 Bentl.
761 1552 866 1615 forsan
882 1551 1070 1618 detrimento
1084 1549 1242 1638 st'bt'sore.

229 1634 424 1701 Intermisst's
432 1637 952 1722 magestatibusementeJurinii
961 1637 1063 1704 intelli
1087 1635 1312 1704 uocantibus.

229 1719 263 1800 7,
278 1723 333 1822 35.
369 1745 407 1788 ea
431 1723 474 1788 tis
486 1724 662 1824 quibusque
675 1723 862 1790 cohortibus.
907 1723 1011 1789 Bentl.
1030 1661 1158 1790 volebat
1175 1725 1315 1789 suemus

270 1809 384 1894 qrttbus
491 1811 678 1876 tokorubus.
722 1810 869 1875 Jurinius
901 1810 1024 1876 Olerkii
1060 1809 1314 1875 emendationem

270 1895 383 1961 dennis
392 1895 578 1982 quibusdam
588 1897 655 1963 coh.
667 1897 784 1985 probat
792 1895 935 1961 etVossii
945 1897 1188 1996 explicationem
1195 1895 1311 1984 rejicit.

230 1981 725 2057 testamenmentum.
770 1983 916 2049 Jurinius
930 1983 1007 2048 velit
1018 1983 1067 2047 t'to
1138 2003 1208 2062 su.

229 2067 262 2144 7,
277 2067 330 2132 37.
351 2067 600 2154 disceptatorem.
630 2070 746 2135 Utitur
759 2069 817 2133 hac
832 2091 908 2134 voce
926 2068 1059 2134 Plautus
1069 2005 1215 2134 ί1163611.
1230 2067 1262 2144 5,
1275 2069 1311 2144 2,

129 2199 133 2207 .
276 2154 324 2217 16.
349 2155 400 2219 Oi.
418 2157 518 2220 Gron.
534 2155 576 2221 ad
591 2155 661 2220 Liv.
677 2157 731 2231 38,
747 2155 799 2220 35.

226 2239 261 2316 7,
275 2238 327 2305 39.
345 2243 551 2328 perduceret.
580 2243 742 2308 Dounaeus
752 2241 793 2305 ad
805 2239 966 2305 Demosth.
983 2263 1029 2305 or.
1044 2241 1084 2306 de
1100 2263 1177 2329 pace
1212 2292 1220 2303 .
1240 2241 1312 2306 134.

209 2328 211 2335 ’
270 2325 380 2391 mallet
393 2327 462 2390 heic
474 2329 676 2413 produceret.
700 2327 741 2391 cf.
758 2327 868 2391 Burm.
884 2327 925 2391 ad
939 2328 1028 2392 Suet.
1047 2326 1161 2394 Claud.
1178 2263 1211 2391 ‘l

227 2412 260 2487 7,
276 2413 328 2476 45.
351 2412 647 2500 inpedimentorum.
697 2412 845 2478 Cieccon.
878 2414 996 2478 frustra
1029 2413 1157 2502 conjicit
1177 2415 1311 2500 jumen-

269 2508 380 2564 torum.

227 2585 320 2672 Eque
342 2585 384 2650 iis
405 2595 515 2652 stram.
537 2584 710 2650 detrahere.
757 2583 944 2672 Praepositio
963 2605 1037 2650 mox
1055 2583 1204 2659 edditur,
1232 2607 1310 2650 mox

266 2669 383 2737 delicit.
398 2695 430 2736 v.
452 2670 598 2737 Oudend.
621 2671 663 2737 ad
683 2675 775 2737 Suet.
801 2673 898 2737 Dom.
922 2671 969 2736 10.
991 2671 1030 2734 cf.
1049 2671 1117 2736 Cic.
1139 2670 1181 2735 ed
1194 2669 1234 2745 Q.
1248 2669 1304 2734 Fr.

271 2759 346 2908 hl.
363 2780 533 2845 perperam
551 2781 630 2848 ergo
648 2771 745 2847 neget
770 2759 812 2824 D.
830 2757 961 2821 Vossius
981 2757 1145 2822 detrahere
1180 2777 1221 2821 es
1240 2779 1306 2820 esse

318 2844 429 2908 tinum.
1259 2873 1261 2877 ·

226 2929 347 2996 Paullo
400 2951 469 3014 ogr.
484 2930 548 3082 ips.
573 2931 627 2995 Sic
640 2929 732 2994 codd.
748 2929 857 3018 vulgo.
866 2929 1025 3016 paullum.
1071 2927 1135 2992 Sed
1158 2927 1200 2992 cf.
1224 2941 1258 2993 et
1274 2951 1303 2992 e.

265 3015 319 3080 51.
346 3019 352 3032 “
378 3016 475 3082 ,item
521 3027 591 3081 orte
609 3016 650 3080 ad
665 3016 796 3080 Sallust.
822 3015 899 3102 Jug.
925 3015 995 3081 106.
1019 3014 1130 3079 Burm.
1147 3013 1188 3077 ad
1208 3013 1306 3079 ovid.

266 3125 307 3167 ex
320 3101 358 3166 P.
368 3103 404 3182 3,
418 3101 451 3179 4,
463 3101 517 3166 47.
532 3102 590 3168 ubi
597 3113 671 3190 post
686 3112 787 3167 tauto.

225 3187 257 3271 7,
271 3188 325 3254 47.
349 3209 413 3275 quo
436 3199 503 3254 tum
522 3199 593 3253 erut
612 3187 790 3254 comitatus.
838 3185 925 3252 Oud.
948 3185 1136 3276 conjiciebat
1151 3183 1304 3250 coutunt-

268 3285 364 3341 tatus.

225 3361 259 3436 7,
275 3361 329 3426 50.
350 3362 470 3427 destris
493 3361 633 3426 tumere
650 3359 792 3426 essertis.
839 3361 1011 3428 Gressstur
1035 3359 1068 3423 in
1092 3354 1176 3421 hunc
1201 3355 1304 3420 locum

269 3447 434 3513 Bentleius
444 3446 587 3534 legitque
598 3448 696 3514 scutis
708 3447 745 3511 iu.
759 3446 903 3512 tumeres
917 3442 1057 3532 rejectis,
1105 3442 1170 3507 uod
1187 3441 1304 3530 insigne

349 3533 402 3598 tis.
451 3531 599 3598 Jurinius
623 3532 794 3597 modestior
817 3533 939 3597 destris
965 3529 1082 3595 iustuu'
1124 3529 1302 3592 seesertrs.

270 3557 382 3685 l'll‘eri
393 3630 498 3708 potest
511 3630 544 3683 et
559 3617 745 3684 Parrhasius
759 3619 791 3683 in
806 3617 904 3682 Grut.
914 3617 1029 3702 Lamp.
1044 3614 1117 3678 Vol.
1136 3615 1164 3677 1.
1182 3635 1215 3700 p.
1229 3611 1302 3676 799.

226 3705 259 3780 7,
276 3705 328 3770 51.
351 3704 571 3772 constiterunt.
594 3703 649 3768 alii
662 3706 862 3770 sustiterunt.
879 3703 967 3768 bene.
983 3724 1014 3765 v.
1030 3699 1101 3765 Iud.

226 3791 260 3866 7,
276 3792 330 3857 53.
352 3793 394 3857 cd
412 3803 587 3856 eutremum
607 3790 759 3856 motione.
804 3789 841 3854 ln
863 3788 1036 3877 posteriore
1054 3787 1193 3851 editione
1215 3783 1299 3849 Oud.

268 3875 358 3941 dedit
369 3879 412 3942 od
424 3888 597 3943 eutremom
610 3876 797 3942 motionem.
820 3873 908 3961 quod
922 3872 999 3938 boni
1012 3872 1103 3958 codd.
1118 3870 1248 3936 habent.

226 3962 258 4037 7,
272 3962 326 4026 54.
348 3965 512 4038 redtsseut.
533 3963 664 4028 Mavult
677 3962 784 4027 Bentl.
797 3961 921 4026 redisse.
937 3959 1106 4024 non‘mele.

225 4049 259 4125 7,
274 4047 325 4112 55.
348 4059 406 4114 aut
426 4047 554 4115 itineris
573 4068 695 4116 cucuso.
747 4046 852 4114 Bentl.
873 4056 931 4113 out
951 4045 1055 4112 ouimt'
1074 4063 1198 4111 cumea.
1228 4040 1302 4109 heus
1424 4107 1425 4120 ,

266 4145 300 4200 et
313 4131 392 4202 ohel
