2909 4809
465 203 904 333 mursensem}
1163 199 1234 326 su

140 449 169 484 ‘¹
182 439 369 519 effecerunt,
390 453 429 508 nt
440 455 533 521 esset,
552 445 609 511 ubi
624 445 799 534 tegimenta
814 443 1023 536 praependere
1038 453 1166 534 possent
1186 441 1230 510 ad
1276 507 1279 514 .

142 537 167 569 ‘⁴
182 527 401 596 defendendos
414 531 497 598 ictus
508 555 545 597 ac
558 531 772 622 repellendos,
787 555 887 619 quum
910 533 994 597 inter
1017 555 1087 596 eam
1106 531 1232 625 contig-

143 616 346 683 “nationem
400 617 769 704 rietes-exstruerentnr:
792 641 927 706 eamque
937 618 1231 689 contabulationem

144 710 167 783 ‘.‘
182 725 337 770 summam
389 705 511 771 teribus
537 705 672 794 lutoque
698 715 956 782 constraverunt,
985 729 1024 770 ne
1047 704 1128 792 quid
1150 706 1232 798 ignis

143 799 167 830 “
180 789 320 857 bostium
332 813 448 858 nocere
462 805 588 880 posset:
611 804 825 894 centonesque
838 791 969 881 insuper
983 791 1170 882 injecerunt,
1191 817 1234 860 ne

143 885 167 916 ‘⁸
183 889 243 942 aut
256 878 321 943 tela
341 879 507 944 tormentis
530 880 622 944 missa
644 878 875 944 tabulatronem
900 878 1149 968 perstringerent,
1172 892 1233 946 aut

144 969 167 1003 “
183 987 259 1030 saxa
272 988 311 1029 ex
327 965 499 1054 catapultis
520 965 695 1032 lateritium
721 964 929 1032 discuterent.
975 965 1098 1032 Storias
1114 978 1232 1041 ¹autem

143 1059 226 1118 “ex
266 1051 397 1117 funibus
431 1052 602 1118 ancorariis
634 1064 710 1128 tres,
745 1051 777 1118 in
806 1050 1036 1141 longitudinem
1055 1054 1232 1154 parietum

144 1147 169 1179 “
185 1138 297 1215 turris,
313 1137 395 1203 latas
432 1150 553 1205 uatuor
569 1137 668 1228 pedes
682 1138 840 1214 iecerunt,
931 1161 971 1204 ue
987 1161 1026 1202 ex
1040 1139 1144 1204 trrbus
1158 1163 1231 1230 pan-

144 1233 167 1265 “
184 1225 285 1301 tibus,
300 1247 373 1315 quae
386 1163 431 1291 ai
442 1223 548 1290 hostes
561 1224 751 1314 vergebant,
772 1161 984 1291 eminiisiims
1005 1223 1152 1291 trabibus
1171 1225 1232 1291 cir·

144 1320 168 1351 “
185 1334 259 1378 cum
271 1311 389 1377 turrim
397 1310 646 1463 Fraegendentes
659 1311 899 1400 religaverunt:
917 1311 1006 1405 quod
1017 1333 1119 1378 unum
1131 1335 1234 1401 genus
1307 1363 1309 1372 1
1338 1385 1341 1394 ,

145 1402 168 1436 “
181 1398 351 1488 tegimenti
377 1422 397 1462 a
410 1398 448 1463 ris
489 1397 554 1463 ocis
578 1411 672 1465 erant
692 1398 820 1488 experti
847 1397 937 1464 nullo
960 1398 1026 1464 telo
1046 1421 1150 1488 neque
1166 1411 1232 1466 tor-

144 1494 169 1525 “
186 1496 296 1550 mento
310 1485 451 1573 transjici
472 1506 573 1572 posse.
620 1484 689 1551 Ubi
703 1507 781 1550 vero
796 1507 833 1549 ea
848 1507 922 1574 pars
945 1485 1055 1561 turris,
1094 1508 1143 1552 uae
1162 1499 1233 1553 erat

145 1581 169 1612 ‘⁴
185 1572 344 1660 perfecta,
363 1583 449 1637 tecta
470 1584 570 1659 atque
591 1571 715 1636 munita
741 1583 791 1636 est
812 1571 856 1638 ab
881 1571 966 1636 omni
989 1571 1056 1636 ictu
1070 1508 1233 1650 bostium,

145 1658 316 1760 “pluteos
340 1655 383 1724 ad
402 1657 465 1723 alia
480 1682 500 1722 o
525 1681 581 1723 era
600 1658 827 1734 abduxerunt:
851 1657 951 1722 turris
971 1667 1094 1724 tectum
1118 1683 1177 1747 per
1198 1685 1232 1726 se

145 1755 169 1786 “
187 1766 293 1836 ipsum
308 1682 570 1835 prehensionibus
593 1767 633 1809 ex
658 1743 895 1832 contignatione
918 1743 1091 1832 primosus
1133 1745 1234 1812 ndere

145 1842 169 1874 ‘⁶
185 1855 224 1898 ae
250 1833 365 1898 tollere
391 1843 578 1922 coeperunt:
616 1830 686 1907 ubi,
711 1842 869 1918 quantum
891 1829 1063 1896 storiarum
1087 1767 1235 1899 ‹iimissio

145 1923 170 1960 “
184 1919 384 2009 patiebatur,
422 1930 548 1985 tantum
583 1917 763 1983 elevabant.
831 1915 922 1983 Intra
956 1917 1023 1982 lucc
1059 1919 1235 2007 tegimenta

146 2017 170 2047 “
187 2005 293 2072 abditi
307 2019 407 2094 atque
422 2003 536 2070 muniti
552 2005 691 2094 parietes
705 2003 861 2069 lateribus
876 2003 1095 2081 exstruebant,
1111 2028 1233 2074 rursus·

146 2103 171 2135 ‘⁴
187 2117 253 2182 que
268 2092 332 2158 alia
377 2091 570 2168 rehensione,
585 2091 627 2157 nd
641 2089 864 2156 aedificandum
886 2089 1067 2156 sibilorum
1084 2115 1123 2156 ex
1149 2093 1235 2172 edis,-

146 2192 170 2222 “
188 2180 278 2244 bant
383 2179 393 2244 i
422 2193 548 2280 tempus
583 2177 717 2243 alterius
750 2177 1017 2244 contabulationis
1050 2117 1234 2258 videbatur,

147 2278 171 2309 “
189 2266 280 2354 tigna
294 2264 383 2341 item,
399 2277 436 2330 ut
449 2288 567 2353 primo,
588 2277 675 2331 tecta
687 2264 840 2330 extremis
850 2263 1005 2330 lateribus
1017 2265 1234 2344 instruebant,

144 2365 170 2398 ‘⁶
187 2375 293 2440 exque
307 2374 346 2418 ea
363 2351 601 2438 contignatione
627 2374 738 2418 rursus
759 2373 914 2416 summam
941 2351 1235 2421 contabulationem

145 2449 170 2482 ‘⁴
186 2451 365 2591 storteague
392 2437 574 2504 elevabant.
625 2436 677 2502 lta
699 2447 773 2504 tuto
796 2461 833 2504 ac
860 2436 926 2503 sina
951 2437 1019 2504 ullo
1042 2437 1177 2508 vulnere
1197 2463 1237 2507 ac

146 2537 170 2570 ‘⁸
187 2525 303 2628 pericu
315 2548 336 2627 o
348 2548 404 2627 sex
419 2523 568 2590 tabulata
592 2534 834 2626 exstruxerunt,
859 2523 1089 2626 fenestrasque,
1115 2527 1237 2615 quibos

146 2625 174 2741 :t
188 2633 223 2678 m
237 2611 316 2677 locrs
329 2633 433 2727 visum
447 2621 508 2687 est,
529 2609 571 2675 nd
592 2622 754 2677 tormenta
766 2610 923 2677 muttenda
942 2632 974 2678 m
993 2611 1147 2679 struendo
1161 2613 1236 2682 reli·

191 2709 345 2853 ililirlllbi
362 2808 403 2852 ex
426 2807 466 2850 ea
488 2783 584 2860 turri,
608 2805 681 2872 quae
702 2783 824 2849 circum
850 2797 965 2860 essent,
989 2807 1088 2872 opera
1103 2785 1188 2851 tueri
1203 2809 1238 2851 se
1354 2776 1359 2783 ⁴

148 2893 241 2966 posse
253 2870 362 2938 confisi
372 2883 468 2947 sunt3
489 2861 670 2936 musculum
685 2869 804 2958 pedum
821 2868 880 2934 LX
894 2870 1039 2960 longum,
1052 2893 1092 2937 ex
1101 2871 1239 2942 materia

188 3063 342 3128 Tectum,
352 3077 378 3112 r.
388 3075 413 3110 c.
423 3058 522 3121 cilicia,
536 3059 614 3109 coria.
633 3061 671 3109 u.
719 3061 753 3110 ad
764 3060 877 3120 tollenda
893 3067 919 3108 et
937 3060 1059 3110 elevanda
1069 3073 1155 3121 onere,
1173 3061 1239 3122 nire,

186 3131 391 3184 Qucum*
403 3126 591 3189 bietinsmlgo,
601 3125 673 3175 duur.
720 3133 750 3173 ut
767 3125 858 3174 vossio
878 3121 914 3175 nd'
929 3123 955 3172 b.
968 3125 986 3173 l.
1004 3135 1030 3174 et
1045 3127 1117 3175 laeto
1131 3124 1156 3175 in
1172 3127 1238 3178 Lex.

149 3193 191 3245 Π,
723 3187 869 3240 Vitruviano
891 3190 997 3250 ridetur,
1018 3189 1238 3255 hypomochlion.

188 3260 282 3317 storto,
292 3271 359 3322 opus
369 3253 613 3318 torminibusque
624 3254 672 3303 lm·
721 3256 760 3304 Μ.

152 3337 210 3374 nnus
227 3322 379 3372 insternitur.
398 3323 551 3371 Momeaeu.
563 3321 671 3372 nutem
755 3317 1129 3384 minutissimum.
1145 3329 1239 3386 qnantn

154 3388 194 3438 Ι.
210 3387 374 3438 Gallum
396 3386 429 3435 V.
440 3387 493 3434 ind.
720 3393 775 3434 eret
792 3383 924 3434 storiarum
944 3385 1161 3448 propendendum
1184 3387 1257 3436 lon-2

188 3452 443 3516 monasteriem.
466 3448 672 3515 Ondmlitquo,
717 3449 807 3513 girudo
825 3451 857 3498 ad
878 3449 994 3500 homines
1009 3449 1072 3500 inter
1083 3453 1239 3515 operandum

154 3515 443 3568 mimmenushen
718 3516 896 3577 protegendos.
913 3517 1034 3565 domm.

189 3583 374 3648 Per-reipsum.
396 3583 452 3631 Pur
467 3594 506 3629 ece
519 3587 581 3630 eron
597 3574 673 3628 cam
755 3581 925 3630 Pretsrutme.
956 3579 1007 3646 Hie
1024 3580 1184 3630 consentiunt
1193 3597 1238 3634 co-

151 3644 557 3711 mundissimamque
572 3646 607 3693 lea
622 3657 674 3691 m·
719 3643 799 3703 dicer,
824 3643 872 3694 nisi
892 3645 960 3709 quod
980 3649 1111 3709 pmnsione
1136 3645 1239 3708 tabent,

151 3719 214 3762 rorte
222 3711 299 3776 qa'oa
305 3713 438 3776 mou
448 3723 516 3774 pour
535 3706 673 3758 reuocans
719 3723 783 3757 unus
793 3709 871 3758 etiam
881 3717 1002 3772 conrupte
1011 3713 1135 3772 msam.
1150 3713 1188 3761 Μ.

153 3774 673 3841 ὼὶαρὶαφηοέωὶιὼυωμαυ-
757 3773 1239 3827 monasterialium

146 3839 369 3906 {mames
386 3841 452 3888 dms
476 3853 523 3887 ron
543 3835 672 3902 &qudam
718 3845 877 3888 tomum
911 3837 1238 3892 Deomnihoclococonl.

154 3904 364 3956 autumnoue.
375 3907 400 3952 4.
409 3917 467 3966 pag.
483 3905 535 3952 tls.
719 3903 830 3952 Turnebi
842 3903 945 3954 Arinem.
959 3905 997 3960 11,
1007 3907 1050 3953 rt.
1066 3906 1105 3953 Μ.
1122 3905 1238 3982 intellige
1291 3937 1292 3942 =

189 3971 333 4028 huam,
390 3967 671 4031 usmnchinae,quoper
717 3968 825 4032 grandia
849 3966 958 4018 missilia
980 3983 995 4016 e
1023 3969 1151 4019 temnentis
1177 3981 1237 4021 rort-

153 4035 259 4086 noem
279 3983 394 4098 ⁰00,ss
419 4041 514 4083 tactum
532 4033 576 4081 vel
590 4033 671 4096 tigna·
718 4033 801 4082 tenth.

152 4099 238 4150 tiones
265 4099 430 4148 sublevantur
454 4105 480 4148 et
510 4098 672 4148 adtolluntur.
754 4097 1002 4162 Pedum-[egmnus
1017 4097 1077 4147 aliis
1092 4099 1176 4164 pedon
1197 4101 1237 4154 ΙΙ.

155 4165 248 4216 war·
263 4161 560 4214 Cdiccsnnwtznnm
570 4170 597 4211 et
648 4177 673 4211 t·
718 4163 822 4228 Lipsius
838 4165 955 4212 emendat
967 4163 1060 4228 palm
1072 4163 1123 4214 ΙΧ.
1142 4165 1197 4218 ΡοΙ.
1213 4169 1235 4230 l,

151 4226 579 4293 minitentqwetipme
612 4226 671 4277 itro-
721 4231 745 4280 9.
768 4227 875 4278 Rectius
884 4227 920 4279 ric
931 4227 1043 4278 coruino.

150 4291 671 4359 violeautoeemnmntmttouestutm
752 4293 863 4350 notem
871 4295 922 4363 tsp.
932 4295 1001 4362 tigno
1012 4291 1151 4360 bipeortia.
1168 4295 1206 4352 H·
