2909 4809
261 236 323 343 ms

561 270 626 348 na
648 270 1041 377 asmo-ormino,

261 474 285 543 ‘.‘.
301 464 366 533 fert
392 464 523 533 illorum
537 463 667 553 opinio,
687 464 788 539 DCC
810 464 946 531 milium.
991 462 1139 529 Tertium
1166 472 1216 527 est
1229 470 1355 527 'cuntes

262 560 285 591 “
301 551 629 639 septemtrionescui
649 552 737 651 parti
764 551 853 617 nullu
873 566 921 616 est
942 550 1067 639 objecta
1085 563 1190 621 terra;
1212 548 1267 613 sed
1279 546 1354 647 ejus

262 647 285 709 f‘
301 639 439 726 angulus
453 637 561 704 lateris
574 660 709 703 maxime
722 637 762 703 ad
780 637 982 703 Germaniam
1002 648 1141 725 spectat:
1163 634 1246 713 huic¹
1259 631 1355 699 milia

263 735 451 813 “passuum
478 724 603 791 DCCC
623 724 657 787 in
685 723 917 811 longitudinem
943 748 1019 798 esse,
1039 722 1248 787 existimatur.
1296 718 1352 783 Ita

263 813 403 877 “omnis
428 812 531 877 insula
555 823 604 875 est
630 810 663 875 in
688 810 826 875 circuitu
852 810 946 875 vicies
970 824 1099 875 centum
1122 807 1245 873 milium
1278 828 1353 893 pas-

263 908 287 938 “
301 920 406 963 suum.

310 984 358 1048 14.
384 995 406 1024 “
422 982 474 1048 Ex
489 982 541 1058 ⁴his
564 974 711 1050 omnibus
732 984 827 1071 longe
849 996 924 1048 sunt
946 981 1171 1054 humanissimi,
1190 980 1246 1067 qui
1262 979 1353 1043 Can·

264 1078 287 1109 ‘⁶
304 1071 385 1135 tium
402 1069 558 1145 incolunt,
573 1093 646 1155 quae
661 1070 750 1157 regio
770 1082 818 1135 est
832 1070 1005 1135 marituma
1020 1070 1132 1141 omnis,
1148 1090 1254 1153 neque¹
1266 1064 1352 1129 mul·

264 1165 287 1195 “
304 1168 376 1220 tum
390 1179 410 1219 a
427 1156 553 1221 Gallica
565 1156 718 1222 differunt
733 1156 968 1221 consuetudine.
1016 1154 1186 1219 interiores
1224 1154 1352 1238 lerique

265 1251 288 1281 “
304 1241 465 1316 frumenta
478 1266 542 1322 non
556 1256 678 1317 serunt,
696 1244 750 1309 sed
765 1242 893 1308 lacteat
907 1266 1000 1308 carne
1016 1242 1129 1307 vivunt
1144 1178 1353 1329 pellibusque

266 1337 289 1367 “
305 1341 381 1393 sunt
394 1329 512 1393 vestiti.
558 1329 675 1393 Omnes
688 1353 764 1411 vero
779 1356 812 1395 se
828 1330 974 1395 Britanni
988 1330 1074 1393 vitro
1089 1326 1245 1401 inficiunt,
1260 1324 1353 1411 quod

266 1425 289 1489 ‘‚‘
304 1414 477 1481 caeruleum
502 1416 599 1481 efficit
624 1416 776 1491 colorem,
795 1428 893 1502 atque
920 1416 980 1481 hoc
1011 1415 1188 1481 horridiore
1211 1425 1288 1477 sunt
1318 1412 1352 1475 in

249 1512 290 1575 ,“
307 1524 417 1589 pugna
444 1501 614 1591 adspectu:
653 1503 836 1592 capilloque
858 1516 932 1567 sunt
960 1504 1114 1590 promisso
1139 1514 1236 1586 atque
1262 1498 1353 1563 omni

265 1598 289 1664 ·“
350 1600 400 1653 rte
421 1588 567 1676 corporis
591 1612 673 1664 rasa,
728 1603 823 1672 raeter
853 1604 952 1676 caput
975 1603 1008 1653 et
1022 1588 1162 1653 *labrum
1192 1584 1351 1672 superius.

267 1685 289 1753 “.
307 1607 434 1739 llxores
459 1673 578 1741 habent
603 1675 675 1741 deni
703 1613 905 1762 duodenique
934 1678 1017 1742 inter
1046 1699 1078 1739 se
1107 1694 1289 1737 communes
1317 1683 1353 1734 et

265 1770 288 1801 “
302 1759 438 1825 maxime
452 1761 567 1827 fratres
581 1761 817 1827 cumfratribus
874 1778 1041 1847 rentesque
1052 1784 1124 1824 cum
1140 1758 1267 1829 liber-im
1283 1756 1353 1831 sad,

267 1860 289 1888 “
305 1845 332 1911 si
345 1848 489 1933 quisunt
503 1872 543 1913 ex
555 1846 603 1912 his
618 1850 696 1931 nati,
709 1872 820 1915 eorum
830 1786 994 1915 libentur
1007 1847 1113 1922 liberi,
1128 1869 1194 1934 quo
1210 1844 1354 1932 primum

261 1946 289 1999 .“
304 1934 398 2021 virgo
412 1958 549 2021 qumque
562 1934 700 2001 deducta
713 1938 793 2000 est.''
1196 1998 1198 2011 ‚

314 2020 367 2084 la·
386 2019 523 2107 Equites
536 2020 676 2086 hostium
687 2020 899 2108 essedariique
912 2019 1029 2085 acriter
1043 2020 1158 2108 proelio
1176 2040 1249 2083 curn
1262 2016 1355 2168 equi-

184 2188 187 2193 .
265 2118 338 2171 tatu
353 2120 464 2171 nostro
479 2107 511 2171 in
525 2107 878 2182 itinereconflixerunt,
900 2120 1005 2171 tamen
1027 2121 1064 2171 ut
1085 2106 1185 2171 nostri
1202 2104 1288 2171 omni
1315 2128 1353 2167 us

299 2316 483 2366 DCCsu'ls'um.
500 2317 784 2380 Adduntaliipuuuum.
834 2318 865 2367 tri
883 2318 998 2368 isatidem
1013 2320 1100 2368 dicunt
1114 2320 1209 2369 ·ch'rl.
1227 2320 1264 2367 M.
1298 2318 1356 2365 Sal-

302 2383 371 2429 Hsu'c
388 2384 441 2430 mil.
460 2398 527 2446 pass.
542 2382 587 2431 alii
609 2384 662 2441 lou,
679 2385 738 2431 lraes.
759 2382 784 2430 iu
835 2400 898 2433 mas.
909 2385 940 2431 sd
950 2385 1029 2433 Solin.
1040 2402 1064 2433 c.
1077 2390 1116 2432 23.
1130 2400 1153 2448 p·
1167 2386 1221 2431 lan.
1238 2382 1288 2445 legi
1300 2382 1357 2430 uult

266 2443 327 2495 aliis
338 2446 415 2493 deest.
834 2450 902 2511 apud
923 2449 987 2497 l'lin.
1006 2451 1140 2512 quosdam,
1153 2448 1217 2498 alias
1234 2448 1354 2511 questum

302 2510 323 2559 A
337 2510 403 2558 Gau.
413 2510 537 2571 diffitens.
570 2510 612 2560 Sic
622 2511 788 2561 soletnoster.

270 2573 302 2622 V.
314 2576 339 2633 6,
351 2576 391 2622 sl.
409 2580 440 2623 95
450 2584 501 2624 etc.

261 2640 679 2769 f.1.l.”'sst.1.lt‘t‡t‘..tt‘..¹tt’
688 2640 787 2756 ‘liiii

269 2767 336 2816 idem
348 2770 422 2817 tradit
431 2770 501 2819 Mela
512 2772 549 2830 (3,
560 2772 600 2831 θ);
617 2776 677 2821 sitm
687 2789 788 2834 corpora

268 2832 348 2893 insecti
361 2836 482 2884 unumst.
505 2835 620 2884 Secundo
632 2836 732 2885 Plinius
741 2838 787 2896 (H.

272 2898 304 2944 li.
315 2902 356 2955 22,
372 2900 533 2961 l)eos91‹rsto
548 2901 664 2949 oblinere
679 2916 788 2964 corpora

272 2960 397 3025 perhibet.
429 2965 491 3012 Sunt
501 2980 561 3027 ergo
572 2966 665 3015 vitrum
681 2977 707 3015 et
722 2968 789 3029 glas·

269 3034 323 3073 turn
331 3026 428 3077 diversa
436 3029 789 3095 nomiuauniusejusdemque

271 3088 374 3159 plante,
390 3090 461 3156 cirjus
484 3094 568 3141 succis
586 3095 712 3158 expressis
734 3096 788 3146 Bri·

271 3156 339 3204 tanni
355 3159 387 3205 ad
405 3157 537 3207 inficienda
552 3173 658 3223 corpora
675 3160 713 3208 usi
723 3172 791 3211 sum.

270 3218 358 3269 Tertio
369 3223 476 3285 glastum
487 3239 502 3271 a
513 3224 610 3273 Graecis
622 3226 713 3275 nanda
727 3224 789 3285 diei,

270 3292 296 3331 et
309 3284 441 3336 Vitruvius
449 3291 492 3350 (de.
503 3288 592 3338 archit.
608 3292 632 3349 t,
641 3291 692 3350 ΙΜ)
708 3290 790 3349 dixit5

270 3348 292 3397 sl
309 3350 442 3400 lectionem
452 3356 616 3416 quorumdam
625 3355 742 3403 codicum
753 3372 791 3403 se-

269 3429 389 3475 quamur3
409 3428 435 3483 et
445 3418 508 3468 inter
516 3419 579 3467 artis
587 3420 713 3468 botanicae
723 3418 791 3482 peri-

266 3484 312 3544 ·tos
322 3491 427 3530 constat.
448 3482 545 3541 Quarto
553 3482 689 3533 Marcellus
701 3484 789 3547 Empi-

271 3542 338 3591 ricus
347 3549 384 3604 (c.
397 3546 450 3606 28),
459 3550 554 3606 Herba,
563 3548 651 3613 inquit,
660 3566 738 3613 quum
747 3566 790 3599 nos

200 3620 202 3624 ’
271 3610 371 3657 vitrum.
390 3613 470 3660 Gaiam
484 3615 573 3662 matida
589 3622 683 3664 cocunt.
715 3614 790 3663 Cous.

273 3672 342 3722 Plio.
363 3674 397 3722 ll.
415 3676 447 3723 N.
467 3681 508 3738 20,
528 3683 568 3727 24.
603 3681 669 3742 Ergo
688 3678 789 3738 vitrum,

271 3738 391 3802 glastum,
412 3740 493 3799 isatis,
518 3751 557 3791 est
578 3758 629 3791 una
653 3744 790 3807 eademque

267 3804 366 3876 planta.
398 3804 512 3856 Conlerri
525 3819 633 3857 meretur
649 3809 791 3859 Dodonsmrs

267 3870 297 3935 ¹in
308 3868 430 3933 Surpium
442 3871 597 3937 historialp.
608 3878 647 3923 79.
665 3875 792 3937 Antwerp.

265 3936 345 3990 ,16Ιᾶ
355 3935 413 3994 tot.)
428 3937 470 3986 Jo.
482 3937 591 3987 Baubiui
603 3938 707 3987 historia
719 3940 793 4002 plan·
811 3979 813 3989 .

267 4007 354 4056 ,tarum
364 4000 422 4048 Ta
446 4020 471 4066 p.
483 4006 542 4055 909.
556 4003 625 4051 lffll.
637 4004 681 4052 rot.
700 4006 738 4052 Ex
751 4004 790 4052 his

269 4065 380 4128 judicari
432 4076 478 4117 test
493 4071 525 4117 de
540 4068 658 4117 lectionis
668 4068 790 4118 varietate

266 4129 299 4195 ,in
321 4131 371 4181 boc
409 4132 493 4181 aesaris
518 4134 584 4193 loco,
605 4138 677 4194 sinu,
699 4136 789 4197 plasto,

268 4200 347 4259 ,sitm
357 4198 430 4247 ultra
442 4261 444 4264 Ι
463 4198 556 4247 Verum
565 4203 690 4257 estaitro,·
707 4214 739 4247 ex
751 4197 791 4247 iu·

271 4261 448 4327 terpoeutione
458 4271 497 4312 est
505 4267 602 4327 ‚qiam
617 4268 682 4313 suns
689 4273 715 4312 et
725 4266 791 4315 ultro

273 4323 577 4381 smtlscuonesvfnoss.
608 4328 725 4379 Ceterum
734 4342 793 4381 nos-

836 2515 876 2562 rel
905 2515 1050 2576 pastellum.
1088 2514 1164 2577 villilri
1188 2513 1224 2561 sic
1248 2512 1355 2558 ridetur.

836 2578 1185 2640 Britannisqlnssienillcabat
1193 2576 1284 2634 viride,
1294 2575 1354 2624 item

835 2644 978 2700 caeruleum,
994 2652 1022 2693 ut
1037 2644 1125 2699 (tetris.
1142 2641 1290 2699 Armoriris,
1310 2641 1357 2688 lli·

838 2708 932 2765 bernis,
943 2716 1005 2756 testo
1021 2708 1056 2756 l.e
1069 2709 1186 2757 Pelletier
1203 2706 1228 2755 iu
1243 2706 1310 2754 Dict.
1322 2706 1354 2753 de

838 2775 861 2822 la
873 2774 963 2828 langue
973 2774 1097 2821 Ilrutonne
1107 2783 1132 2821 et
1144 2774 1179 2821 La
1189 2772 1259 2819 Tour
1270 2770 1356 2818 D'Au·

839 2852 928 2899 vergne
942 2836 967 2885 in
980 2854 1024 2901 op.
1036 2838 1081 2885 cit.
1093 2840 1124 2904 ad
1140 2842 1160 2897 l,
1172 2839 1196 2885 6.
1217 2836 1276 2885 lude
1286 2833 1356 2883 uri-

839 2902 864 2951 ni
876 2904 959 2950 secere
969 2905 1220 2966 plosturn,quumque
1230 2900 1357 2949 audissent

838 2968 893 3031 glas
900 2967 1090 3016 Gernranisesse
1098 2966 1252 3024 vitrunr‚vim
1262 2973 1356 3013 utram-

837 3048 886 3095 que
900 3032 969 3080 vocis
980 3032 1113 3080 conludere
1124 3044 1148 3080 et
1160 3048 1205 3094 pro
1215 3030 1301 3079 colore
1312 3044 1356 3076 ac·

838 3112 937 3159 cepere.
961 3098 988 3144 P.
1000 3096 1081 3145 Faber
1091 3113 1153 3145 sem.
1167 3098 1188 3153 l,
1198 3098 1237 3144 90.
1255 3092 1357 3142 volebat

838 3164 903 3211 uitro
919 3169 944 3209 et
958 3163 1113 3223 provocabat
1126 3162 1157 3209 ad
1174 3159 1315 3208 Vitruvium
1331 3162 1358 3211 t.

836 3229 880 3289 ¹ll.
916 3226 944 3273 P.
965 3224 1093 3275 Victorius
1114 3226 1146 3272 V.
1168 3224 1196 3273 L.
1220 3228 1257 3282 l9,
1276 3228 1300 3271 3.
1330 3224 1356 3269 si

839 3294 913 3351 aritro,
927 3292 993 3355 quod
1011 3291 1035 3339 in
1053 3292 1127 3339 codd.
1142 3288 1241 3352 legitur,
1260 3297 1357 3336 verten-

839 3357 899 3405 dum
912 3357 1015 3419 putabat
1026 3356 1051 3404 in
1066 3354 1129 3420 luteq
1140 3364 1164 3403 et
1176 3369 1221 3418 pro
1231 3354 1309 3417 plasto
1320 3352 1356 3401 le-

839 3422 1053 3485 gendumqluuau.

836 3544 839 3553 Ι
874 3488 1024 3547 Caernleum,
1034 3485 1178 3535 subflavum
1189 3491 1215 3532 et
1225 3482 1355 3547 pallidum.

876 3616 1030 3665 Hom'de'ore.
1064 3614 1283 3673 Antoniusne,
1299 3616 1355 3663 ὴοτ·

840 3681 954 3735 ribillam,
964 3681 1135 3729 horribilius-es.
1311 3729 1315 3739 ,

877 3746 938 3801 Quo,
948 3758 1075 3807 quorsum,
1091 3745 1122 3792 ad
1133 3760 1206 3807 quos,
1217 3744 1240 3793 in
1251 3761 1356 3809 quomm

836 3802 952 3856 domum.
977 3808 1077 3855 Monuit
1088 3806 1156 3857 Oud.
1166 3810 1210 3871 qui
1222 3808 1357 3861 lectionem

842 3873 915 3935 hujus
934 3873 984 3920 loci
1003 3888 1017 3919 e
1036 3874 1112 3921 codd.
1128 3874 1203 3922 eruit.
1250 3874 1356 3938 Vulgata

840 3937 917 3985 lectio
936 3947 987 3985 est:
1015 3940 1095 3999 trans,
1114 3954 1132 3987 u
1148 3941 1236 4003 quibus
1249 3956 1291 4003 pr.
1309 3944 1359 3988 tir«-

839 4002 1049 4064 finesquducroe
1061 4002 1127 4053 rum.
1151 4002 1246 4053 M.·a1.
1272 4004 1357 4068 aquo.

840 4066 1019 4133 itemyadductu
1029 4077 1071 4117 est.
1124 4116 1126 4124 ,
1285 4068 1287 4073 '

838 4188 841 4195 Ι
877 4132 972 4179 Tamen
985 4139 1022 4180 nt.
1055 4132 1097 4181 Sic
1112 4133 1187 4182 codd.
1205 4132 1301 4183 omisso
1315 4130 1358 4193 itu,

838 4196 906 4315 quoq
923 4196 969 4247 alii
990 4194 1151 4261 pramittuut.
1184 4198 1221 4249 lta
1235 4198 1261 4249 el
1276 4204 1300 4259 δ,
1313 4200 1356 4249 li.

857 4266 915 4325 ‚s.
