2909 4809
173 286 179 295 ·
226 248 293 318 296
568 244 633 319 DE
655 242 807 315 BELLO
830 242 989 317 clvttl.

230 448 302 504 tum
328 437 450 515 Cesar,
472 436 663 507 continuato
682 436 770 505 diem
793 446 986 525 noctemque
1011 452 1109 525 opere
1134 430 1179 501 in-
1196 428 1327 499 flrrmins

232 524 423 602 evertendo,
439 524 503 591 buc
519 525 527 541 ‘
594 524 774 593 deduxerat
787 546 866 607 rem,
879 536 918 590 ut
932 523 1069 612 equites,
1082 520 1141 587 etsi
1152 518 1330 589 difficulter
1420 524 1421 528 ’

231 624 333 700 atque
359 634 448 701 oegre
471 548 582 689 deff,
608 624 739 702 possent
765 623 872 677 tamen
895 623 995 697 etque
1019 608 1177 675 auderent
1209 606 1328 673 flumen

232 699 385 773 transire;
414 699 537 789 pedites
556 724 636 767 vero
661 698 884 765 tantummodo
907 696 1047 767 humeris
1065 718 1103 761 ac
1117 716 1242 761 summo
1258 717 1331 782 pec·

232 794 307 851 tore
319 798 456 865 exstare,
469 799 505 853 et
527 810 629 875 quum
643 784 816 852 altitudine
830 808 934 874 aque,
959 796 1028 851 tum
1043 782 1141 849 etiem
1154 780 1330 869 rapiditate

230 870 372 941 fluminis
392 874 436 940 ad
460 872 689 940 transeundum
716 872 951 962 inpedirentur.
995 868 1063 937 Sed
1088 884 1197 935 tamen
1215 867 1331 936 eodem

230 957 301 1024 fere
317 971 465 1049 ternpore
480 982 560 1050 pons
573 961 607 1027 in
623 960 726 1034 Ibero
735 982 841 1049 prope
856 958 989 1027 effectus
1010 956 1224 1025 nunciabatur
1243 968 1280 1021 et
1300 954 1332 1021 in

234 1044 340 1112 Sicori
353 1047 472 1113 vadum
491 1047 728 1137 reperiebatur.

281 1132 336 1198 63.
358 1133 435 1209 Jam
448 1155 527 1200 vero
540 1156 579 1200 eo
600 1134 700 1222 magis
717 1132 766 1199 illi
779 1133 1006 1201 maturandum
1020 1132 1083 1199 iter
1093 1127 1333 1197 eristinmbant.

134 1281 138 1289 .
236 1216 367 1307 Itaque,
402 1220 529 1287 duabus
559 1220 770 1287 auxiliaribus
809 1218 994 1289 cohortibus
1031 1218 1145 1285 Ilerdae
1183 1215 1334 1307 praidio

237 1304 374 1383 relictis,
396 1307 544 1373 omnibus
565 1308 666 1396 copiis
691 1306 829 1375 Sicorim
853 1318 1020 1377 transeunt
1048 1319 1181 1373 etcum
1207 1303 1337 1371 duabus
1425 1316 1428 1376 ἶ

236 1390 432 1481 legionibus,
459 1418 539 1483 quas
560 1395 783 1485 superioribus
805 1393 920 1463 diebus
946 1394 1207 1467 transduxerunt,
1228 1404 1338 1457 eastra

238 1480 451 1571 conjungunt.
498 1480 762 1569 Relinquebatur
778 1482 896 1548 Creseri
911 1482 1003 1557 nihil,
1031 1478 1091 1547 nisi
1114 1478 1163 1543 uti
1186 1478 1336 1565 equitatu

238 1588 355 1655 agmen
374 1567 631 1640 adversariorum
645 1568 730 1635 male
753 1568 889 1635 haberet
911 1582 945 1635 et
958 1578 1128 1656 carperet;
1151 1587 1231 1653 pons
1249 1564 1338 1633 enim
1426 1559 1429 1580 '

237 1652 339 1741 ipsius
351 1679 384 1721 rn
450 1680 506 1721 um
518 1657 689 1721 circuitum
702 1654 856 1731 babebat,
880 1668 917 1723 ut
940 1656 1045 1721 multo
1058 1651 1207 1720 breviore
1221 1651 1337 1719 itinere

240 1740 291 1807 illi
318 1741 362 1807 ad
392 1742 408 1809 l
453 1766 525 1809 rum
554 1743 725 1832 pervenire
754 1754 893 1831 possent.
948 1742 1085 1833 Equites
1112 1740 1156 1806 ab
1182 1761 1222 1805 eo
1251 1738 1338 1805 missi
1430 1804 1431 1815 ,

242 1831 364 1905 fiumen
386 1842 554 1895 transeunt
576 1843 623 1906 et,
650 1853 751 1917 quum
765 1829 805 1895 de
831 1830 928 1896 tertia
947 1829 980 1895 vi
1004 1827 1059 1893 ilia
1076 1825 1224 1892 Petreius
1238 1838 1338 1913 atque

242 1915 398 1981 Afranius
412 1930 517 1983 castra
530 1918 713 1992 movissent,
728 1928 863 2005 repente
874 1940 940 1983 sese
1007 1913 1208 1979 novissimum
1221 1934 1337 2001 agmen

240 2002 417 2069 ostendunt
435 2017 482 2081 et,
504 2025 621 2091 magna
635 2003 845 2089 multitudine
868 2002 1071 2077 circumfusa,
1097 2000 1214 2067 morari
1239 2012 1338 2089 atque

239 2088 305 2154 iter
319 2088 466 2177 inpedire
480 2090 652 2177 incipiunt.

287 2175 341 2239 64.
365 2176 477 2241 Prima
489 2176 612 2241 lueeex
625 2200 662 2241 su
706 2175 847 2241 rioribus
868 2174 957 2251 locis,
982 2197 1055 2263 quae
1071 2171 1206 2241 Gesseris
1227 2172 1339 2238 eastris

241 2274 338 2326 erant
362 2262 546 2349 conjuncta,
571 2285 667 2327 cerne
709 2275 779 2338 tur,
806 2262 971 2350 equitatus
989 2262 1090 2327 nostri
1105 2259 1221 2349 proelio
1236 2259 1339 2325 novis-

241 2348 338 2413 simos
363 2345 494 2413 illorum
520 2348 624 2437 premi
650 2349 865 2423 vehementer,
885 2372 923 2415 ec
944 2370 1169 2437 nonnunquam
1183 2347 1340 2413 sustinere
1431 2352 1432 2377 ¹

243 2446 425 2499 extremum
439 2456 555 2523 agmen
580 2445 680 2523 atque
704 2436 923 2525 interrumpi:
955 2435 1034 2502 alias
1057 2434 1169 2501 inferri
1192 2434 1285 2523 signa
1306 2446 1341 2501 et

243 2519 466 2587 universarum
479 2520 659 2588 cohortium
671 2521 786 2612 inpetu
797 2535 922 2589 nostros
931 2522 1089 2625 propellit
1103 2519 1217 2587 deinde
1228 2538 1342 2587 rursus

242 2630 413 2675 conversos
434 2607 569 2695 insequi.
623 2608 716 2675 Totis
745 2632 823 2676 vero
848 2622 960 2675 castris
989 2608 1108 2675 milites
1130 2606 1281 2675 circulari
1307 2619 1342 2673 et

242 2692 366 2769 dolere,
392 2692 515 2761 hostem
533 2719 574 2761 ex
598 2696 745 2761 manibus
770 2696 903 2771 dimitti,
930 2696 1053 2765 bellum
1080 2716 1143 2760 non
1168 2694 1344 2761 necsmrio

241 2780 373 2869 longius
386 2780 473 2847 duci.
520 2783 734 2850 Centuriones
742 2784 968 2871 Tribunosque
982 2783 1120 2850 militum
1134 2781 1225 2846 adire
1240 2793 1341 2868 atque

244 2868 423 2944 obsecrare,
452 2880 491 2933 ut
518 2892 578 2955 per
593 2894 647 2935 eos
669 2871 777 2936 Caesar
791 2872 911 2937 certior
925 2870 1027 2945 fieret,
1053 2882 1074 2911 ‘⁶
1091 2892 1129 2934 ne
1153 2868 1258 2935 labori
1283 2892 1343 2933 suo

244 2965 269 2996 “
287 2976 348 3019 neu
373 2954 520 3041 periculo
546 2970 716 3044 parceret:
743 2971 872 3046 paratos
892 2982 957 3023 esse
971 2980 1048 3032 sese,
1064 2978 1156 3045 posse
1172 2969 1206 3021 et
1221 2954 1342 3023 audere
1432 2996 1433 3037 3

280 3132 436 3183 Dede-serat.
472 3131 555 3197 Vulgo
577 3136 695 3183 duxerat.
722 3134 768 3183 elii
819 3136 985 3186 antbebent.
1009 3134 1045 3185 Μ.
1077 3133 1236 3183 'rtrrrstr‘nere
1246 3132 1341 3183 melius

243 3198 387 3249 reduceret.
420 3198 550 3249 Manutius
573 3201 769 3248 recteemende·
820 3210 892 3265 puto.
917 3200 949 3251 V.
961 3202 990 3248 G.
1002 3206 1027 3259 4,
1039 3200 1078 3247 ³2.
1089 3200 1120 3247 C.
1133 3202 1156 3252 3,
1166 3201 1207 3247 94.

245 3263 284 3313 vit
294 3279 309 3311 e
319 3278 390 3312 more
397 3263 484 3313 nonni.
519 3262 578 3313 Vid.
589 3280 648 3326 cap.
661 3264 701 3312 to.
854 3268 987 3315 circulari.
1010 3264 1132 3314 Restituit
1141 3263 1234 3326 scalig.
1251 3278 1267 3309 e
1283 3262 1342 3311 cod.

282 3330 400 3378 amare.
416 3328 768 3392 [emanarentequibus
820 3330 916 3381 Ursini.
943 3330 1088 3393 conspirent
1114 3336 1141 3377 et
1168 3326 1223 3377 alii.
1258 3326 1343 3390 Vulgo

246 3395 307 3443 darn
318 3395 393 3442 codd.
421 3394 483 3443 Mos
493 3410 543 3443 non
554 3394 693 3444 tollendum
704 3411 768 3454 esse,
820 3397 953 3460 legebatur
968 3397 1119 3446 corunrbarr'.
1152 3392 1342 3442 Devocereri·

246 3458 330 3522 plures
341 3468 505 3507 monueruntr
523 3468 549 3507 et
558 3467 595 3509 est
607 3458 769 3522 penpicuum
820 3476 864 3511 ore
874 3477 897 3511 v.
909 3460 967 3509 Sen.
975 3476 1018 3525 ep.
1028 3464 1068 3509 40.
1079 3458 1119 3507 Cf.
1131 3459 1160 3506 P.
1172 3457 1301 3507 Victorius
1312 3456 1346 3507 V.

247 3541 262 3570 e
278 3538 336 3586 cap.
349 3526 390 3583 63,
408 3524 456 3572 ubi
474 3522 523 3573 soti
533 3524 633 3587 equites
642 3523 769 3572 transmit·
823 3524 852 3573 L.
865 3530 889 3582 8,
904 3528 941 3575 ts.

246 3597 339 3639 tantur.
360 3590 397 3634 M.
422 3588 705 3638 ntmmroretenursd
712 3606 770 3651 pos-
857 3592 913 3639 Non
923 3592 1057 3639 nmesmrs'o
1128 3587 1212 3637 auct
1225 3588 1344 3639 Partieuss

247 3663 309 3705 sent.
345 3653 403 3702 Non
413 3662 471 3703 ento
481 3655 653 3718 isperlbestur
663 3653 751 3701 sustuli
761 3672 768 3713 ;
821 3630 872 3704 lam
885 3654 1027 3719 negativum
1038 3670 1054 3701 e
1070 3654 1107 3702 Pa
1118 3652 1186 3702 atino
1198 3652 1257 3701 cod.
1267 3654 1343 3702 addi-

248 3734 296 3767 nec
318 3725 383 3766 stare
403 3726 487 3781 potest
508 3734 566 3766 cnm
585 3719 626 3778 iis,
643 3734 699 3781 quse
710 3734 768 3781 cup.
821 3720 857 3769 dit
866 3719 997 3770 cellarius.
1019 3720 1120 3768 Habent
1140 3727 1166 3767 et
1186 3716 1239 3767 alii.
1251 3719 1345 3783 probat

249 3802 303 3847 seq.
326 3786 357 3831 68
379 3787 596 3833 etsstnarrantor.
638 3782 770 3832 lotruserrrt
822 3786 891 3833 Oud.
916 3787 1021 3847 Sequor,
1043 3782 1148 3847 recipio.
1161 3781 1212 3831 Ubi
1241 3784 1344 3846 negatio

248 3847 435 3911 libmriusquis
452 3848 518 3897 male
531 3848 642 3897 sedulus.
658 3847 771 3897 Comen·
821 3850 902 3908 deest,
912 3850 937 3899 τὶ
948 3852 1083 3900 necessario
1093 3848 1209 3898 ablativo
1226 3864 1289 3899 casu
1300 3864 1344 3899 ec·

245 3912 277 3961 tir
289 3910 410 3960 Jurinius.
822 3913 925 3978 cipitur.

282 3974 625 4037 Pmsrrffietumblllranio.
643 3978 681 4025 M.
716 4032 721 4046 ,
856 3982 1030 4029 Porntssesse.
1055 3980 1102 4027 Vel
1119 3980 1176 4029 brec
1194 3978 1283 4039 verba,
1302 3980 1345 4029 vel

283 4044 518 4099 Pom-babebat,
540 4039 644 4089 transire
668 4052 771 4105 pontem
820 4060 890 4107 posse
906 4048 928 4093 el
944 4046 1035 4093 andere
1057 4046 1193 4093 delendum
1215 4053 1282 4094 sunt.
1305 4046 1344 4093 M.

248 4107 315 4156 velle
326 4106 473 4167 postulabat
490 4120 610 4167 magnum
628 4105 769 4157 circuitum.
823 4108 960 4165 Distineuit
981 4110 1047 4158 Oud.
1067 4118 1123 4174 post
1142 4124 1212 4167 sese;
1230 4109 1266 4161 sic
1277 4106 1344 4175 nihil

249 4172 291 4222 Cf.
303 4187 326 4218 e.
337 4171 376 4216 81.
400 4172 437 4220 M.
521 4226 525 4230 ,
785 4165 942 4225 *abundet
963 4173 1223 4237 SeqtriturBentleius.

284 4236 416 4287 euertere.
437 4236 500 4295 lmo,
522 4236 661 4294 mestum,
676 4238 771 4287 utedd.
817 4250 820 4255 ·
