2909 4809
239 292 302 361 168
529 286 594 357 ΒΕ
615 285 767 361 BELLO
790 282 1009 369 eunucu.

241 476 286 545 de
314 487 507 563 senatusque
523 474 685 542 consulto
710 474 831 541 certior
860 476 977 553 fectus,
1013 458 1052 540 ut
1088 488 1196 539 omnes
1224 464 1334 533 lulius

238 565 382 669 juniores
424 564 643 652 conjurarent,
690 560 853 639 ¹dilectum
890 575 962 629 tota
991 557 1170 651 'provincia
1185 580 1190 598 ·
1208 553 1334 621 babere

241 651 392 717 sustituit.
436 650 492 716 Eae
514 672 564 714 res
589 649 621 714 in
646 648 788 714 Galliam
814 646 1057 739 Transalpinam
1080 643 1229 712 celeriter
1253 662 1334 731 per·

242 739 404 805 feruntur.
448 734 584 801 Addunt
606 736 668 825 ipsi
691 749 725 800 et
744 732 827 801 adfin
853 750 912 804 unt
926 734 1106 802 munoribus
1121 730 1222 807 Gelli,
1238 726 1333 816 quod

218 833 295 891 'res
310 846 441 913 poscere
454 821 641 898 ridebatur,
654 821 787 889 retineri
801 846 840 887 ur
884 846 925 889 no
939 832 1028 887 motu
1038 822 1209 895 omrem,
1224 838 1246 881 n
1288 838 1334 879 ue

242 910 277 977 iu
309 911 407 977 tantis
429 908 674 975 dissensionibus
698 909 740 973 ad
767 912 942 975 exercitum
966 908 1077 975 venire
1104 928 1206 995 posse.
1291 924 1333 967 ac

242 1000 277 1063 in
300 994 547 1069 ulsioccasione‚
575 994 630 1081 qui
651 995 718 1081 jam
742 1007 817 1061 ante
842 1020 875 1061 ee
897 994 1014 1084 Populi
1036 990 1171 1058 Rorneni
1191 987 1334 1079 imperio

242 1022 405 1170 mbjectos
417 1080 577 1155 dolerent,
602 1080 736 1145 liberius
747 1092 846 1168 etque
860 1081 1010 1147 audacius
1030 1079 1072 1145 de
1097 1077 1184 1144 bello
1199 1074 1334 1141 consilia

242 1169 326 1235 inire
351 1168 521 1256 incipiunt.
566 1164 699 1233 indictis
718 1166 803 1233 inter
825 1192 858 1235 se
879 1167 984 1258 princi
1058 1164 1173 1231 Galliae
1189 1160 1333 1228 conciliis

242 1253 634 1321 silvestribusucremotis
655 1252 744 1329 locis,
768 1266 950 1341 queruntur
996 1278 1014 1317 e
1043 1252 1178 1317 Acconis
1200 1260 1331 1321 morte;

244 1340 330 1406 bunc
343 1364 450 1405 casum
462 1338 504 1405 ad
520 1340 529 1403 i
617 1338 760 1405 recidere
772 1364 864 1429 posse
874 1340 1094 1406 demonstrent
1107 1362 1115 1415 ;
1136 1337 1333 1403 miserantur

242 1448 441 1493 communem
464 1426 529 1491 Gal
542 1449 580 1496 ιω·
604 1426 787 1501 fortunam
815 1427 962 1493 omnibus
984 1421 1270 1527 pollicitationibus
1290 1444 1331 1486 ac

128 1530 133 1539 ‘
242 1512 381 1602 premiis
398 1512 589 1601 deposcunt,
610 1512 667 1599 qui
690 1512 769 1577 belli
791 1512 918 1579 initium
940 1514 1058 1577 facient
1085 1524 1120 1577 et
1143 1510 1193 1575 sui
1214 1508 1333 1609 capitis

245 1597 393 1689 periculo
414 1598 555 1663 Galliam
577 1598 610 1685 in
635 1597 818 1665 libertatern
843 1600 1016 1665 vindicent.
1061 1598 1139 1687 Ejus
1163 1596 1196 1661 in
1242 1616 1332 1661 rimu

243 1684 401 1751 rationem
423 1682 604 1751 babendum
626 1682 752 1761 dicunt,
805 1686 966 1773 riuequam
995 1706 1106 1750 eorum
1132 1682 1204 1748 clau
1277 1680 1333 1745 ins

243 1771 375 1839 consiliu
388 1772 575 1847 efferantur,
596 1782 633 1836 ut
649 1771 757 1836 Caesar
768 1708 812 1837 ab
828 1772 973 1837 exercitu
996 1768 1245 1835 intercludatur.
1291 1766 1332 1833 ld

243 1880 310 1923 eme
323 1858 431 1933 facile,
443 1856 532 1945 quod
546 1880 650 1946 neque
664 1856 815 1945 legiones,
830 1858 961 1923 absente
973 1858 1177 1945 imperatore,
1189 1852 1332 1919 audeant

244 1966 287 2022 ex
298 1943 440 2011 bibernis
453 1942 565 2032 egredi
577 1967 587 2018 ;
602 1966 706 2031 neque
714 1944 963 2032 imperatorsine
972 1942 1120 2033 praesidio
1133 1940 1175 2007 ad
1187 1940 1331 2029 legiones

245 2030 416 2119 pervenire
430 2030 551 2118 poesit3
574 2043 735 2117 postremo
751 2030 783 2095 in
798 2032 864 2095 acie
885 2042 1036 2121 praestare
1060 2028 1207 2104 interfici,
1230 2050 1330 2115 quem

244 2138 310 2182 non
324 2128 468 2216 veterem
480 2115 560 2215 belli
580 2114 717 2203 gloriam
739 2116 999 2204 libertatemque,
1014 2140 1109 2203 quam
1121 2139 1142 2181 a
1153 2114 1330 2203 majoribus

243 2214 681 2374 wqepqquptgeqepppgpietqqis’
730 2284 901 2353 rofltentur
923 2289 1093 2367 Carnutes,
1120 2300 1187 2353 “se
1203 2286 1329 2353 nullum

244 2382 269 2413 “
284 2371 466 2460 pericnlum
479 2372 653 2437 communis
665 2310 776 2437 subitis
790 2380 897 2440 cauma
920 2400 1079 2453 recusare,
1105 2374 1329 2476 principesque

246 2469 326 2523 “ex
343 2458 491 2523 omnibus
514 2458 638 2525 bellum
659 2460 800 2525 facturos
820 2460 1026 2549 pollicentur,
1055 2475 1101 2538 et,
1125 2484 1275 2565 quomam
1297 2459 1331 2525 in

245 2556 270 2587 ‘⁶
284 2547 456 2635 presentia
481 2544 646 2611 obsidibus
669 2544 754 2610 inter
779 2570 812 2611 se
839 2570 952 2612 cavere
973 2568 1035 2613 non
1061 2560 1193 2638 possint,
1217 2570 1257 2613 ne
1279 2570 1331 2611 res

245 2643 269 2673 ‘⁶
286 2632 451 2707 efferatur,
464 2643 502 2695 ut
506 2630 722 2733 jurejurando
733 2631 844 2699 aclide
858 2634 1030 2711 sauciatur,
1050 2646 1179 2723 petunt,
1197 2632 1332 2700 conlatis

244 2716 269 2775 Ῑ“
284 2717 478 2785 militaribus
488 2718 598 2809 signis,
609 2718 688 2805 (quo
701 2742 791 2784 more
808 2742 918 2787 eorum
937 2720 1131 2809 gravissimae
1151 2718 1331 2787 cerimoniae
1348 2756 1351 2762 ·

243 2816 268 2847 ‘⁴
280 2803 514 2891 continentur,)
528 2828 580 2881 ne,
596 2804 682 2871 fecto
696 2804 890 2883 initiobelli,
906 2809 949 2873 ab
963 2808 1096 2896 reliquis
1109 2808 1330 2874 desemutur.'’

245 3028 249 3034 ·
278 3004 514 3053 Dsmmbo.
544 3002 603 3053 Cic.
619 3002 683 3053 ibid.
700 3018 759 3068 cap.
811 3020 867 3070 sqq.
891 3004 1327 3075 Orosiuse,11.ndtigitsusbos.

244 3071 288 3119 su.
303 3067 463 3118 etAsconius
483 3066 508 3116 in
522 3077 668 3132 argumento
684 3069 762 3118 Milo·
809 3084 836 3133 p.
851 3073 904 3120 191.
922 3074 959 3121 M.
1084 3100 1088 3109 ·

242 3133 326 3185 nune
344 3130 473 3181 orationis.
489 3134 527 3180 M.
564 3133 717 3207 Praepositio
732 3135 763 3183 de
845 3137 1027 3201 Principerque.
1063 3139 1166 3189 Addunt
1174 3155 1209 3199 se,
1217 3139 1287 3203 qnod
1304 3136 1328 3187 in

242 3206 285 3250 est
305 3196 400 3246 omissa
419 3198 445 3245 in
470 3196 544 3245 codd.
564 3197 641 3246 vadis
660 3205 687 3245 et
703 3198 764 3247 edd.
810 3200 884 3248 codd.
895 3200 979 3250 multis
991 3208 1017 3251 et
1025 3204 1065 3251 ed.
1083 3202 1145 3253 Vsu.
1153 3213 1221 3257 recte
1231 3204 1309 3252 deest

243 3261 716 3330 priminspraecedentevoce'beusta.
846 3266 982 3315 Obsidibus.
1004 3266 1056 3316 alii
1075 3270 1106 3318 de
1125 3270 1253 3327 obsidibus,
1279 3268 1327 3317 uod

241 3360 245 3367 -
281 3330 455 3390 Conjserannt.
468 3325 645 3390 Cumpropter
655 3327 766 3391 periculi
812 3327 902 3378 Morus
922 3330 999 3379 etism
1024 3334 1168 3395 admiserit,
1191 3334 1235 3383 sed
1287 3333 1327 3383 ud.

243 3389 404 3458 *vicinitatem
426 3405 489 3459 ¹nou
525 3391 623 3451 liceret,
655 3391 766 3456 singulos
812 3408 896 3442 veram
922 3394 1056 3445 lectionem
1081 3398 1158 3447 dedit.
1204 3399 1329 3449 Obsidibus

247 3464 404 3507 aemio
412 3470 500 3519 rogere
512 3472 520 3502 r
534 3470 630 3517 omnes,
640 3456 728 3506 edicto
740 3457 765 3505 in
811 3468 942 3509 coement
951 3461 1150 3512 ‹breobsidesin
1159 3462 1251 3527 pignus
1261 3462 1327 3513 lldei.

244 3534 324 3572 unum
345 3519 431 3570 Ιοουιιι
446 3521 588 3582 consecuti,
602 3524 678 3571 &mut
688 3527 767 3583 juro-
809 3522 878 3571 idern
890 3524 1176 3593 benerestituitposes'nt.

246 3588 386 3659 bunqquoe¹
391 3584 462 3632 dicta
471 3591 666 3648 estconjuratio.
675 3602 700 3635 v.
709 3586 766 3634 Ser·
846 3590 899 3641 Quo
909 3606 985 3639 moro.
1016 3590 1067 3640 alii
1078 3592 1144 3641 niele
1155 3593 1230 3657 quod.

227 3649 491 3713 ‚simmvrrsua
505 3653 565 3709 8‚.t.
593 3652 685 3701 cellar.
847 3654 1050 3721 Gradumsrim.
1064 3656 1327 3722 Ritus,quimsgnsns

242 3738 247 3745 ·
281 3713 437 3765 emersu.
468 3714 539 3763 Male
554 3714 708 3765 Cincconins
727 3730 767 3765 re·
810 3718 985 3768 auctoritatem
996 3729 1023 3769 et
1034 3718 1085 3770 viru
1095 3723 1129 3770 ed
1138 3720 1327 3786 obstringendos

246 3778 619 3853 pomodumsusdetrmres.
809 3780 980 3848 religioneque
1000 3784 1142 3849 implendos
1162 3786 1262 3838 animos
1285 3788 1328 3839 bs·

281 3844 412 3905 dubim
426 3842 472 3893 elu
481 3844 595 3895 subditas.
810 3846 881 3909 bent,
889 3848 954 3899 ritus
963 3851 1113 3903 sscmsuncti
1122 3859 1148 3901 et
1158 3850 1329 3913 inviolabiles,

282 3909 532 3961 vesamum.
552 3907 658 3968 Conib,
671 3912 710 3959 44.
726 3908 765 3961 Μ.
809 3919 923 3961 constant
943 3913 991 3963 bac
1008 3930 1043 3977 re,
1062 3916 1192 3980 signorum
1213 3932 1329 3983 compur-

282 3972 316 4021 fa
330 3986 382 4021 esse
390 3972 476 4033 sociis.
500 3971 661 4047 'Aliteraluec
680 3982 767 4023 narrat
810 3974 914 4037 tatione,
925 3990 996 4026 more
1005 3980 1084 4028 Gallis
1094 3980 1195 4031 usitato.
1218 3982 1325 4046 [ingoni

171 4088 174 4092 ¹
239 4034 767 4103 ,momnlostuubsesimpmcem
808 4040 871 4103 quid
898 4042 986 4091 volunt
1017 4042 1159 4108 inviolubili
1190 4045 1327 4099 cerimonia

245 4118 269 4152 c.
282 4104 305 4149 8.
317 4097 379 4148 inire
390 4098 461 4161 ponit
472 4102 555 4165 Alpes.
810 4100 907 4155 sancire
921 4114 947 4155 et
963 4116 1042 4158 retum
1054 4108 1145 4169 iecere,
1163 4126 1232 4160 more
1248 4112 1326 4177 majo·

279 4166 427 4225 Ρωμαίων
434 4168 562 4215 cmm.
576 4166 642 4216 cnm
653 4166 700 4217 bec
710 4182 766 4217 ner-
809 4184 863 4218 mm
874 4177 977 4221 utuntur
983 4172 1030 4223 hnc
1039 4175 1238 4239 comportatione
1244 4174 1327 4239 sigriu-

243 4230 344 4281 udone
352 4228 498 4278 conterendi
516 4236 573 4281 sunt
591 4234 720 4283 Plutarch.
737 4232 763 4282 in
809 4248 875 4295 rum,
886 4250 931 4301 per
939 4252 996 4302 ques
1010 4238 1102 4302 jurent,
1122 4239 1326 4304 sequeobstrin-

243 4295 310 4349 Ces.
326 4306 385 4360 cup.
402 4298 434 4343 25
452 4309 507 4360 sqq.
524 4296 661 4349 DioOsss.
675 4300 717 4361 ⁴⁰,
732 4302 765 4350 tt
826 4308 876 4350 unt.
905 4302 943 4353 M.
982 4306 1116 4370 Perpetem
1142 4304 1198 4363 brec
1220 4303 1327 4361 reddidit

878 4382 918 4419 ule
1229 4396 1231 4401 “
