2909 4809
210 307 299 374 sso
411 309 453 374 a.
479 306 630 376 nrnrn
654 307 718 378 ns
741 307 893 390 autho
916 305 1167 392 sqssxsno..

233 517 309 582 que,
324 517 437 584 quum·
451 506 564 564 castra·
575 495 688 576 castris
703 495 834 579 conlata
854 506 964 562 essent
980 505 1014 578 et
1031 493 1209 562 Marcellus
1222 493 1333 572 locum

234 581 384 648 idoneum
412 583 543 654 castello
570 583 716 672 cepisset,
747 607 823 670 quov
843 581 1014 671 prohibere
1048 606 1068 647 a
1093 606 1134 646 ua
1162 581 1333 666 Camianos

253 741 256 745 ,
328 680 357 744 t;
381 668 555 757 longinus,
570 670 704 746 veritus,
718 693 759 736 ne
774 693 890 758 genere
905 668 1075 756 quodamo
1115 667 1229 734 idionis
1242 667 1332 734 clau·

203 794 205 801 ·
251 767 365 832 ‚retur
391 755 425 834 in
447 757 632 844 regionibus
654 757 764 822 alienis
786 755 911 857 sibique
934 755 1067 830 infestis,
1090 766 1189 822 noctu
1202 753 1332 824 silentio

209 865 288 920 ,ει
302 843 431 908 castris-
461 841 652 913 roliciscitur
676 843 837 931 celerique
863 842 978 922 itinere
1008 843 1128 908 Uliam¹
1145 839 1329 908 contendit:

232 928 321 1016 quod
334 929 395 994 sibi
409 868 504 996 fidele
522 954 588 1009 esse
607 929 765 1019 oppidum
787 928 950 996 credebat.
995 927 1047 995 lbi
1066 928 1145 996 adeo
1161 927 1333 1080 corppuncta

231 1016 325 1102 ponit
345 1016 503 1084 moenibus
526 1028 646 1093 castra,
672 1029 710 1082 ut
733 1030 766 1082 et
789 1015 851 1098 lqci
874 1028 1002 1092 natura,
1028 1017 1180 1102 (namque
1240 1013 1332 1100 liain

232 1101 320 1178 edito
333 1115 440 1169 monte
455 1102 559 1190 posita
579 1107 655 1190 est)
676 1104 740 1168 eti
820 1103 995 1168 munitione
1014 1101 1103 1169 urbis
1118 1100 1263 1188 undique
1286 1101 1332 1167 ab

232 1187 475 1277 obpugnatione
503 1202 593 1256 tutus
617 1202 707 1268 esset.
790 1212 852 1256 unc
880 1188 1057 1256 Marcellus
1080 1187 1259 1277 insequitur
1283 1199 1332 1276 et,

231 1295 329 1362 quam
343 1274 488 1362 proxime
503 1289 610 1362 potest
622 1277 745 1354 Uliam,
760 1290 866 1342 castra
878 1277 989 1356 caetris
1002 1273 1146 1348 confert3
1172 1274 1332 1342 locorum·

232 1383 296 1448 que
324 1362 454 1449 cognita
484 1373 612 1444 natura,
641 1387 708 1451 quo
739 1363 874 1430 maxime
903 1387 973 1428 rem
1002 1361 1159 1428 deducere
1187 1360 1332 1435 volebat,

231 1445 417 1525 necessitate
441 1459 490 1512 est
510 1447 679 1526 adductus,
704 1463 743 1514 ut
763 1473 867 1538 neque
891 1447 1091 1537 confligeret,
1117 1447 1221 1536 (cujus
1243 1447 1332 1513 sirei

229 1531 366 1613 facultas
380 1545 474 1611 esset,
489 1535 637 1600 resistere
651 1537 792 1602 incitatis
806 1534 963 1602 militibus
976 1557 1039 1600 non
1053 1537 1209 1622 poterat)
1224 1557 1329 1620 neque

231 1620 344 1708 vagari
361 1619 505 1686 Cassium
524 1619 622 1686 latius
637 1635 820 1707 panaretum
843 1620 1006 1708 ne'plures
1021 1621 1168 1686 civitates
1186 1644 1224 1686 ea
1239 1635 1331 1708 pste-

231 1717 358 1782 rentur,
377 1730 452 1794 quae
466 1706 548 1794 passi
563 1720 656 1771 erant
673 1705 907 1772 Cordubenses.
955 1705 1104 1774 Castellis
1118 1706 1240 1772 idoneis
1254 1705 1330 1784 locis

230 1791 426 1870 conlocatis,
439 1791 654 1880 operibusque
667 1791 701 1858 in
715 1793 853 1858 circuitu
867 1815 887 1858 o
912 1791 979 1880 pidi
993 1793 1198 1869 continuatis,
1220 1791 1332 1874 Uliam

232 1879 378 1946 Cassium
401 1880 442 1943 ue
463 1878 694 1946 munitionibus
716 1877 840 1944 clausit.
888 1816 969 1954 &uae
993 1879 1180 1966 priusquam
1194 1879 1332 1968 ,perfice-

230 1977 355 2041 rentur,
435 1965 551 2052 uginus
580 1989 707 2031 ornnem
740 1988 834 2030 suum
864 1965 1044 2053 equitatum
1072 1965 1192 2032 emisit:
1234 1988 1332 2052 quem

186 2061 193 2068 '
231 2075 348 2140 magno
374 2051 436 2116 sibi
462 2051 532 2116 usui
558 2050 627 2116 fore
651 2050 818 2133 credebat,
844 2051 871 2116 si
898 2050 1047 2142 pabulari
1076 2051 1332 2140 frumentarique

233 2137 427 2214 Marcellum
456 2160 522 2204 non
550 2150 738 2224 pateretur;
768 2161 885 2226 magno
914 2137 1021 2204 auton
1051 2137 1333 2226 inpedimentasi

231 2223 357 2300 clausus
386 2222 550 2290 obsidione
578 2237 612 2290 et
640 2223 771 2290 inutilis
796 2224 1006 2292 necessarium
1035 2236 1236 2292 consumeret
1263 2225 1331 2299 fru-

229 2323 384 2378 mentum·
1015 2359 1019 2364 -

210 2438 214 2442 -
236 2455 241 2463 .
275 2397 327 2462 62.
352 2395 468 2462 Paucis
486 2395 600 2463 diebus
614 2397 714 2464 Cassii
733 2396 850 2464 litteris
871 2397 1021 2487 acceptis,
1038 2397 1111 2464 Rex
1125 2397 1243 2485 Bogud
1256 2421 1331 2466 cum

231 2481 331 2571 copiis
342 2481 447 2557 venit3
462 2483 677 2573 adjungitque
687 2484 718 2550 ei
730 2484 899 2572 legionem,
912 2507 1009 2572 quam
1020 2508 1128 2550 secum
1138 2483 1330 2570 adduxerat,

230 2569 476 2658 compluresque
503 2569 651 2638 cobortes
680 2571 861 2639 auxiliariae
889 2569 1118 2659 Hispanorum.
1166 2571 1253 2638 Nam
1278 2596 1331 2650 ue,

229 2655 469 2723 utincivilibus
480 2657 725 2724 dissensionibus
734 2657 878 2725 accidere
889 2657 1065 2735 consuevit,
1074 2659 1119 2723 ita
1130 2669 1195 2724 tem
1241 2597 1333 2727 rilrus

65 2779 71 2790 ,
229 2741 294 2818 illis
316 2743 350 2808 in
374 2743 532 2832 Hispania
552 2744 716 2811 nonnullae
739 2738 886 2812 ciuitates
907 2743 1003 2830 rebus
1019 2744 1120 2809 Cassii
1143 2757 1196 2810 stu
1219 2745 1331 2822 ebant,

68 2851 73 2861 ·
164 2865 173 2881 ι
230 2831 341 2918 plures
358 2830 553 2896 Marcellum
571 2830 737 2898 fovebant.
785 2829 921 2898 Accedit
943 2854 1016 2896 cum
1035 2831 1134 2934 copiis
1149 2831 1268 2920 Bogud
1286 2835 1329 2900 ad

229 2915 405 2983 exteriores
421 2916 572 2983 Marcelli
586 2918 787 2984 munitiones.
835 2917 1006 3006 Pugnatur·
1020 2930 1183 3006 utrimque
1196 2919 1329 2998 acriter,

171 3002 176 3010 ’
229 3002 410 3090 crebroque
435 3001 470 3068 id
490 3002 618 3080 accidit,
640 3004 773 3071 fortuna
798 3026 881 3092 saepe
902 3001 944 3068 ad
960 3014 1135 3091 utrumque
1156 3003 1329 3092 victoriam

230 3089 461 3241 priamfelrlentm
494 3111 553 3156 nec
581 3103 687 3156 tamen
716 3111 871 3177 umquam
900 3089 943 3156 ab
972 3090 1124 3178 operibus
1150 3089 1329 3180 depellitur

272 3198 345 3241 erce
372 3199 420 3240 us.

274 3261 326 3328 63.
350 3259 486 3328 Interim
501 3261 547 3330 Ie
573 3262 643 3330 idus
656 3286 698 3329 ex
710 3261 861 3331 citeriore
876 3261 1041 3352 provincia
1054 3287 1129 3330 cum
1141 3263 1329 3332 cohortibus

228 3347 410 3438 legionariis
424 3288 572 3426 XXXVI,>
578 3373 761 3438 magnoque
776 3373 910 3418 numero
921 3353 1068 3438 equitum
1082 3363 1116 3416 et
1129 3351 1328 3440 reliquorum

228 3434 433 3513 auxiliorum,
446 3438 536 3502 venit
547 3462 585 3503 ea
598 3451 704 3504 mente
720 3437 844 3515 Uliarn,
860 3450 897 3504 ut
912 3438 980 3504 sine
995 3437 1063 3506 ullo
1075 3437 1184 3524 studio
1198 3450 1327 3514 conten-

263 3647 376 3698 Cosdoto.
409 3647 687 3702 nliimsleconlocaca.
709 3650 750 3702 Cf.
799 3653 880 3704 rinius
900 3653 972 3704 malit
991 3653 1044 3720 adj.
1065 3659 1091 3706 οι·
1111 3655 1329 3720 optma-cors-

225 3712 279 3763 lud.
290 3712 315 3760 in
327 3712 444 3776 conferre.
795 3721 882 3782 plures
892 3719 944 3768 cot.

239 3780 355 3852 baasa,
381 3778 504 3842 oppidum
527 3771 664 3844 Hispaniae
684 3781 751 3833 ulte·
792 3799 805 3812 “
832 3783 1088 3846 Marcellosocebont.
1119 3783 1324 3848 Codd.quidsm,

225 3843 301 3892 rroris
325 3858 368 3891 seu
396 3844 505 3894 Baetica.
547 3845 628 3895 Codd.
656 3845 752 3895 habent
800 3847 1081 3911 Marcellumsovebont.
1097 3851 1135 3900 M.
1167 3850 1210 3900 Sic
1221 3847 1323 3910 melius,

232 3909 333 3966 Ullam
354 3909 398 3956 sed
415 3909 565 3960 polemeus
582 3910 663 3971 olata,
679 3913 750 3974 quod
797 3913 866 3976 quod
877 3928 974 3976 repono
985 3930 1044 3962 cum
1056 3913 1123 3964 Oud.

226 3971 646 4045 conmisconflrmatspanhernius
677 3979 749 4026 .901.
833 3979 867 4028 Id
878 3979 977 4028 condit.
1005 3976 1089 4043 Vulgo
1104 3985 1141 4030 ut.
1174 3978 1324 4030 Emendarit

226 4037 333 4095 Accedit
348 4045 420 4086 vetus
440 4038 583 4102 inscriptio,
602 3993 748 4107 Ordd’lleip.
799 4041 865 4090 Oud.
876 4057 892 4090 e
902 4043 977 4091 codd.

232 4101 376 4159 numnam,
392 4104 459 4166 apud
471 4103 603 4155 Gruterum
615 4122 641 4169 p.
653 4109 748 4156 mn.
833 4107 951 4170 Lepidus.
983 4107 1056 4158 cte.
1069 4111 1108 4158 59·
1126 4109 1165 4160 M.

228 4166 254 4237 Ι1.Ι
269 4163 403 4213 Cellas-ius.
428 4165 469 4215 Cl.
480 4176 506 4216 et
517 4169 602 4220 Surita
612 4173 645 4220 ad
656 4174 748 4221 Anton.
833 4174 892 4221 sao
909 4173 962 4222 ullo
980 4174 1067 4224 mdio-
1100 4173 1210 4231 Quidam
1226 4176 1323 4228 addunt

227 4234 282 4278 stru.
295 4243 321 4289 p.
334 4231 390 4276 41².
799 4243 907 4290 tamum.
922 4238 1007 4290 forsan
1017 4237 1197 4311 leg-partium,
1249 4235 1252 4243 ¹

259 4291 425 4358 adimitque
444 4297 603 4362 ellectionem
618 4307 671 4353 etc·
700 4300 749 4351 Ju-
