2909 4809
377 210 380 218 ’
457 247 546 321 iis.
567 247 615 319 11.
659 249 762 320 cnr.
789 251 925 319 14-16,
1167 253 1236 324 ,321

136 437 315 530 perscelns
328 438 457 508 violatis
468 464 558 506 suam
580 441 739 506 virtutem
754 441 867 508 inrisui
892 441 962 508 fore
988 437 1236 529 perdoluerunt,

137 525 242 614 qnod,
258 527 344 594 unde
358 551 459 617 agger
474 529 602 594 omnino
628 528 816 616 conportari
838 542 956 616 posset,
978 527 1057 617 nihil
1078 546 1149 596 erat
1163 533 1237 598 reli·
1288 587 1296 606 ,

138 635 257 715 quum:
279 615 429 681 omnibus
453 615 627 680 arboribus
652 615 750 702 longe
773 616 903 702 lateque
929 615 962 679 in
985 613 1103 680 finibus
1125 618 1237 684 Massi-

135 699 283 767 liensium
296 701 408 767 excisis
430 713 465 766 et
479 701 651 778 convectis,
679 712 872 790 “aggerem
895 701 969 766 novi
993 704 1118 790 generis
1136 718 1237 793 atque

100 794 106 799 “
136 797 160 831 “
175 787 358 854 inauditum
372 801 413 854 en
426 787 575 853 lateritiis
589 788 716 854 duobus
731 789 844 863 muris,
871 811 982 854 senum
997 789 1115 876 pedum
1128 793 1238 857 crassi-

135 883 159 916 “
175 873 301 951 tudine,
316 887 417 963 atque
432 897 544 940 eorum
555 897 723 940 murorum
737 875 1008 964 contignationem
1023 875 1128 941 facere
1148 877 1236 944 insti·

135 972 160 1004 “
175 952 324 1038 tucinnt,
346 985 440 1049 aeqna
465 962 534 1027 fere
559 961 745 1036 latitudine,
768 975 868 1048 atque
889 961 945 1026 ille
972 963 1180 1050 congestitius
1195 986 1235 1031 eir

134 1058 159 1093 “
175 1049 311 1114 materia
332 1049 439 1114 fuerat
461 1071 574 1148 agger.
621 1047 690 1114 Ubi
704 1061 763 1113 aut
777 1049 920 1136 spatium
941 1048 1025 1115 inter
1040 1071 1161 1125 muros,
1176 1065 1236 1118 aut

134 1146 158 1181 ‘⁴
173 1133 370 1202 inbecillitas
383 1148 525 1201 materiae
539 1135 705 1223 postulare
719 1133 900 1210 videretur,
931 1134 1006 1224 pilae
1022 1136 1235 1226 interponun-

135 1233 158 1264 “
174 1232 242 1298 tur,
264 1222 494 1289 transversaria
516 1222 541 1287 ti
567 1245 609 1288 na
627 1222 829 1310 injiciuntur,
853 1245 926 1309 quae
949 1221 1149 1290 firmamento
1168 1248 1234 1291 esse

133 1321 158 1353 ‘⁸
174 1308 317 1396 possint:
341 1321 387 1389 et,
400 1308 535 1396 quidqni
573 1321 621 1374 est
642 1308 878 1397 contignatum,
901 1309 1047 1374 cratibus
1062 1313 1236 1378 consterni·

134 1408 158 1440 ‘⁴
173 1408 231 1461 tui·
243 1408 414 1484 cratesque
428 1395 502 1462 luto
515 1395 739 1461 inserunturss'
785 1396 857 1461 Sub
871 1407 958 1461 tecto
973 1396 1076 1470 miles,
1102 1393 1235 1464 dextera

132 1506 172 1550 sc
184 1468 313 1549 sinistra
326 1491 421 1548 muro
435 1495 551 1563 tectus,
566 1451 716 1548 adversus
740 1481 846 1571 plutei
864 1481 1006 1570 objectu,
1033 1483 1125 1571 operi
1148 1509 1235 1573 quae-

132 1591 271 1656 eumque
295 1570 368 1636 usui
395 1583 484 1644 sunt,
509 1569 577 1635 sine
601 1567 746 1657 periculo
769 1569 953 1656 subportat.
1000 1569 1161 1636 Celeriter
1179 1593 1231 1638 rec

132 1656 396 1724 administrator:
418 1655 565 1722 diuturni
592 1656 713 1722 laboris
734 1654 962 1722 detrimentum
976 1655 1106 1720 solertia
1119 1669 1153 1722 et
1168 1660 1235 1722 vir.

132 1755 206 1812 tute
225 1743 368 1810 rnilitum
382 1743 475 1810 brevi
490 1743 755 1811 reconcinnetur:
780 1753 894 1830 portic,
918 1740 1038 1828 quibus
1052 1740 1130 1808 loeis
1145 1745 1235 1812 vide·

131 1841 201 1906 tur,
216 1829 396 1918 eruptionis
410 1830 566 1899 canssain
579 1853 674 1896 muro
688 1829 930 1916 relinquuntur.
1175 1872 1177 1880 ι

177 1915 229 1981 16.
254 1917 353 1994 Quod
381 1917 440 1983 ubi
466 1913 572 1983 hostes
601 1916 766 1991 viderunt,
796 1939 845 1991 ee,
873 1937 947 2003 quae
976 1914 1035 1981 diu
1065 1912 1233 2003 longoque

132 2003 342 2093 spatiorelici
352 2026 418 2070 non
432 2027 525 2091 posse
538 2014 730 2092 sperassent,
742 2051 746 2064 .
788 2024 924 2068 acorum
945 1999 1072 2067 dierum
1084 2023 1184 2100 opera
1198 2014 1233 2068 et

129 2088 244 2156 labore
257 2090 452 2165 itarefecta,
478 2104 517 2157 nt
536 2090 645 2156 nullus
660 2113 702 2189 pe
742 2025 804 2154 diae
824 2111 930 2177 neque
958 2088 1123 2176 eruptioni
1144 2089 1234 2154 locus

131 2190 226 2253 eset,
251 2200 358 2265 neque
381 2178 562 2279 quidquam
584 2199 714 2243 omnino
741 2175 994 2264 relinqueretur,
1022 2197 1087 2261 quo
1114 2187 1173 2240 aut
1198 2176 1233 2241 vi

131 2263 301 2341 militibus,
314 2276 373 2330 aut
386 2264 453 2354 igni
465 2265 618 2353 operibus
633 2263 743 2353 noceri
756 2277 879 2364 poeset3
896 2261 1073 2348 eodemque
1082 2263 1231 2349 exemplo

129 2352 286 2428 sentiunt,
310 2363 414 2416 totam
427 2351 554 2428 urbem,
570 2375 636 2440 qua
658 2351 702 2416 sit
715 2351 822 2416 aditus
843 2348 885 2414 ab
897 2363 1002 2436 terra,
1025 2371 1119 2414 muro
1135 2350 1234 2414 turri-

130 2437 258 2539 busque
271 2437 434 2504 circumiri
446 2461 550 2526 posse,
573 2440 630 2514 sic,
655 2450 694 2502 ut
707 2437 785 2526 ipsis
798 2435 991 2512 consistendi
1005 2435 1038 2498 in
1051 2434 1118 2500 suis
1130 2436 1234 2500 muni-

130 2525 277 2591 tionibus
291 2524 380 2590 locus
394 2547 459 2590 non
470 2537 564 2600 esset,
604 2548 682 2590 uum
696 2547 788 2612 paene
810 2522 1000 2588 inaedificata
1025 2523 1058 2586 in
1074 2522 1174 2586 muris
1187 2522 1231 2588 ab

129 2611 277 2678 exercitu
289 2624 401 2678 nostro
413 2611 530 2677 moenie
542 2550 734 2676 viderentur
748 2633 785 2674 ac
798 2609 864 2673 tela
874 2631 971 2672 manu
981 2607 1230 2694 conjicerentur,

130 2720 327 2785 suorumque
343 2711 581 2773 tormentorum
594 2720 699 2771 usum,
722 2695 843 2782 quibus
858 2694 920 2782 ipsi
943 2715 1060 2780 magna
1075 2695 1231 2794 speravis-

129 2797 214 2862 rent,
238 2785 345 2874 spatio
393 2783 622 2873 ropinquitatis
651 2783 804 2854 interire;
828 2781 967 2869 parique
990 2777 1172 2845 conditione
1187 2803 1230 2847 en

129 2893 226 2938 muro
238 2895 277 2937 ac
292 2809 440 2937 turribus
459 2870 599 2936 bellandi
622 2869 711 2945 data,
735 2868 859 2934 virtute
874 2891 906 2932 se
922 2865 1038 2931 nostris
1058 2865 1227 2954 adaequare

167 3083 322 3137 latitudnte·
355 3085 444 3136 Plures
461 3085 559 3134 malunt
568 3062 657 3134 attttii-
703 3082 825 3131 docuerat
834 3079 969 3130 Cellsrlns.
1001 3080 1027 3129 si
1046 3096 1105 3144 ergo
1123 3085 1228 3134 nemora

131 3147 200 3202 ὢν.
216 3151 256 3199 Μ.
700 3150 878 3197 remacinnars
893 3144 993 3204 dicitur,
1011 3144 1063 3194 dici
1080 3145 1159 3194 etiarn
1180 3163 1227 3210 po·

166 3217 342 3281 omnesne.
359 3215 402 3265 Sic
409 3213 477 3263 Ond.
485 3212 654 3263 beneecodd.
702 3220 751 3260 test
771 3212 949 3262 &namnum
966 3213 1147 3268 veronensium,
1166 3211 1226 3274 quis

133 3277 220 3395 anguq
229 3289 366 3346 conpotum.
703 3275 884 3325 detrimentum
903 3275 930 3324 h.
949 3275 967 3325 l.
983 3281 1022 3323 est
1036 3275 1228 3336 detrimentum,

245 3349 365 3410 maium.
397 3344 541 3409 legebatur
561 3348 655 3400 amrin,
702 3339 993 3404 minanoeeptumnten
1006 3339 1229 3390 Scbnlenarsrber·
1310 3343 1311 3348 ’

133 3411 179 3460 sed
190 3427 207 3458 e
216 3412 293 3460 codd.
303 3419 330 3459 et
339 3412 396 3460 edd.
409 3420 460 3460 vet.
470 3407 655 3459 emendandum
701 3409 782 3462 m).
798 3407 837 3453 M.
871 3405 937 3454 Senl.
949 3404 1001 3467 jam
1015 3403 1093 3452 hebet
1103 3409 1228 3454 mmorta-

129 3475 350 3526 matronatus.
365 3475 562 3526 ContexitOnd.
702 3478 789 3522 sanc.
815 3471 845 3516 'rl
860 3471 1036 3518 reconsiliatur
1051 3469 1228 3533 metaphoram

164 3541 243 3590 nmo
261 3547 346 3590 tectus.
381 3539 411 3588 Τι’
430 3549 506 3590 tectus
523 3539 655 3588 abundare
702 3533 958 3585 habetabamicitia.
1204 3554 1224 3566 ··

133 3605 223 3656 enuit
232 3605 371 3657 Marciand.
379 3623 403 3670 p.
413 3610 472 3655 268.
490 3605 583 3654 Verum
592 3616 655 3652 coii-
738 3601 808 3655 Quod
817 3601 870 3648 abl.
880 3599 953 3648 Leid.
964 3603 988 3646 2.
1008 3600 1058 3648 Sed
1065 3602 1115 3649 ubl.
1129 3598 1225 3652 Verum

130 3669 300 3720 sentientibus
320 3673 395 3720 codd.
420 3668 576 3721 abundantia
603 3681 654 3716 non
701 3668 767 3730 qnod
784 3679 961 3727 nonnunquam
983 3665 1089 3712 eandem
1105 3663 1157 3713 viru
1178 3665 1227 3715 ha·

132 3743 218 3786 nocet·
250 3737 363 3785 emme
380 3736 507 3786 tectsalii
524 3735 655 3792 mucro,
701 3731 758 3791 bet,
769 3729 1063 3779 utnotntltlanut.adh.
1074 3729 1091 3778 l.

132 3801 204 3866 quod
217 3799 303 3865 placet
311 3802 427 3852 Grutero.
735 3795 953 3844 Adummim-ra.
985 3793 1054 3843 Male
1066 3802 1124 3858 pot
1141 3793 1227 3846 adim

166 3865 302 3925 Adversis,
317 3866 432 3916 afronte.
449 3867 486 3914 M.
702 3860 800 3924 virgula
811 3860 915 3908 locatur.

167 3931 374 3981 mmmm.
464 3940 489 3978 te
504 3930 566 3989 hoc,
583 3926 656 3991 quis·
738 3929 882 3976 circumiri.
900 3925 1030 3974 Siccodd.
1051 3923 1225 3976 Asteridvet.

131 3993 192 4060 qnia
202 3996 288 4056 fuerit,
298 3996 412 4060 reposuit
440 4012 468 4044 ro
480 3995 572 4043 vitiosa
580 3993 655 4043 codi-
700 3993 885 4048 circumvestit,
898 3988 1184 4052 quodrecep'itClarke.

132 4073 192 4110 cirin
202 4061 318 4110 omnium
328 4062 513 4124 lectioneque·
523 4067 561 4109 est
569 4074 655 4107 recon-
737 4058 813 4105 Paenc
823 4053 936 4114 tnaedtfir.
946 4079 981 4089 -
990 4058 1091 4104 moeirr'a.
1124 4055 1224 4106 Moenia

131 4127 245 4176 m
274 4127 339 4176 Nam
350 4123 655 4176 remnctnaareinoedifi·
703 4121 813 4170 bostium
832 4120 941 4168 lateritia
961 4121 998 4178 (c.
1023 4121 1064 4178 15)
1086 4118 1121 4168 ita
1142 4136 1222 4185 prope

131 4191 214 4241 cando
227 4190 302 4255 *poni
347 4207 374 4241 ro
402 4190 531 4249 resarcire,
550 4189 654 4238 relicere
702 4200 789 4235 muros
827 4183 897 4232 urbis
931 4183 1098 4234 Massiliensis
1129 4193 1226 4236 structa

131 4257 263 4321 eontapn,
272 4271 305 4308 en
314 4207 371 4307 dic.
380 4257 412 4308 ad
423 4255 475 4315 Qu.
484 4256 558 4314 Far,
568 4256 591 4304 6.
600 4254 653 4317 jam
702 4249 936 4311 cresceremus
945 4257 1081 4314 tangerent.
1098 4251 1135 4299 M.

1072 4325 1095 4378 Y
