2909 4809
434 211 522 280 mn.
546 212 592 283 11.
623 196 740 281 'oin
768 183 927 280 11-13.'
1008 281 1010 284 ,
1101 259 1105 268 .
1152 167 1242 282 are

120 398 307 478 musculum
319 399 509 468 devolvunt.
554 400 661 468 Ictum
686 401 819 468 firmius
839 399 979 468 materias
993 397 1148 476 sustinet;
1169 411 1216 480 at,

120 485 286 576 quidquid
311 485 436 564 incidit,
458 488 588 578 fastigio
611 487 748 556 musculi
763 486 914 556 elabitur.
961 483 999 552 Id
1019 486 1075 552 ubi
1091 485 1216 577 uident,

122 585 254 650 mutant
267 573 452 650 consilium
474 600 584 664 cupas,
612 574 695 642 toda
718 598 757 640 ac
777 574 849 665 pice
871 573 1017 648 refertas,
1042 571 1218 645 incendunt

122 683 243 748 easque
257 657 299 726 de
313 685 406 728 muro
421 663 455 728 in
468 662 644 730 musculum
655 661 845 728 devolvunt.
877 657 1036 726 Involutae
1048 657 1217 736 labuntur,

125 745 317 836 delapoeab
327 747 483 814 lateribus
494 749 548 816 lon
572 747 651 816 ariis
662 748 825 835 furcisque
836 747 879 812 ab
891 769 989 835 opere
998 759 1216 820 removentur.

124 829 263 901 Interim
275 833 336 900 sub
352 835 495 902 musculo
518 773 636 902 mditcs
648 835 796 902 vectibus
812 831 919 898 infima
938 856 1012 898 saxa
1034 833 1133 898 turris
1148 833 1217 900 bos·

124 919 222 998 tium,
237 920 357 1008 quibus
371 921 580 989 fundamenta
604 921 864 996 continebantur,
885 917 1081 985 convellunt.
1127 919 1218 986 Mus-
1278 969 1280 979 .

124 1002 221 1072 culus
235 1031 275 1072 cx
289 1008 375 1074 turri
384 1006 523 1074 lateritia
533 1009 676 1076 anostris
685 1007 758 1074 telis
770 1005 1000 1094 tormentisque
1014 1003 1216 1072 defenditur:

125 1091 233 1161 hostes
246 1118 286 1159 ex
299 1118 394 1162 muro
412 1119 451 1161 ac
470 1095 618 1161 turribus
635 1095 886 1162 submoventur:
910 1115 975 1160 non
996 1091 1094 1157 datur
1115 1091 1219 1160 libera

124 1179 211 1244 muri
236 1179 430 1246 defendendi
452 1181 597 1247 facultas.
642 1179 874 1270 Compluribus
898 1178 964 1269 jam
990 1177 1154 1267 lapidibus
1179 1202 1219 1246 ex

126 1289 179 1341 ea,
200 1290 276 1356 quae
292 1267 437 1344 suberat,
464 1269 550 1335 turri
573 1267 751 1344 subductis,
772 1265 941 1357 repentina
956 1264 1050 1332 ruina
1065 1289 1140 1356 pars
1153 1266 1221 1356 ejus

129 1353 230 1423 turris
243 1351 397 1432 concidit,
411 1379 485 1445 pars
499 1356 622 1444 reliqua
635 1377 829 1443 consequens
844 1349 1089 1444 procumbebat.

175 1439 225 1504 12.
249 1439 334 1506 Tum
348 1439 466 1519 hostes,
482 1440 581 1509 turris
596 1441 763 1532 repentina
775 1439 868 1508 ruina
880 1437 1044 1514 commoti,
1056 1437 1220 1528 inopinato

127 1525 214 1592 malo
230 1526 365 1593 turbati.
398 1529 542 1610 Deorum
558 1527 606 1596 ira
619 1529 770 1618 perculsi,
797 1526 887 1594 urbis
898 1525 1081 1626 direptione
1096 1538 1220 1614 perter-

125 1611 200 1690 riti,
226 1614 360 1680 inermes
383 1639 456 1682 cum
482 1615 590 1682 intulis
610 1640 676 1681 sese
690 1626 788 1706 porta
813 1613 897 1680 foras
920 1611 1059 1678 universi
1078 1611 1220 1702 proripi·

129 1711 208 1776 unt;
231 1699 274 1768 sd
298 1699 437 1792 legatos
458 1715 556 1790 atque
569 1702 747 1768 exercitum
760 1699 921 1802 subplices
946 1720 1056 1799 manus
1070 1695 1218 1799 tendupt.

132 1783 207 1860 Qun
220 1809 305 1854 nova
318 1811 354 1854 re
369 1788 492 1868 oblata,
507 1789 608 1856 omnis
620 1787 853 1857 administratm
865 1785 945 1852 belli
961 1784 1115 1862 consistit,
1138 1784 1221 1850 mni-

132 1885 259 1962 tesque,
281 1875 385 1942 aversi
398 1899 419 1942 a
433 1875 562 1966 proelio,
581 1876 622 1940 ad
642 1874 783 1940 studium
797 1871 948 1940 audiendi
963 1884 998 1936 et
1010 1867 1222 1960 cognoscendi

128 1957 290 2038 feruntur.
335 1961 406 2028 Ubi
420 1961 578 2028 bostesad
591 1961 730 2052 legatos
742 1959 979 2046 exercitumque
1034 1971 1221 2032 rvenerunt,

125 2046 318 2126 ,universio
331 2047 374 2124 ad
398 2049 497 2138 pedes
519 2049 714 2140 projiciunt;
736 2059 842 2124 orant,
868 2057 890 2087 “
907 2057 947 2111 ut
1011 2057 1126 2110 ventus
1152 2045 1222 2114 Cae·

133 2141 155 2173 ‘⁴
172 2131 482 2224 sarisexspectetur:
505 2149 631 2227 captam
645 2159 733 2201 suam
753 2135 867 2203 urbem
887 2131 1002 2208 videri,
1022 2154 1042 2198 o
1067 2156 1123 2197 era
1147 2154 1221 2222 per·

135 2229 158 2260 ‘⁶
174 2219 274 2298 fecta,
299 2233 423 2288 turrem
447 2221 637 2299 subrutam3
661 2222 771 2310 itaque
794 2246 814 2290 a
839 2219 1021 2288 defensione
1043 2156 1221 2286 desistere:

97 2315 102 2324 ‘
134 2315 158 2347 “
174 2303 298 2374 nullam
312 2307 432 2377 exoriri
446 2333 568 2378 moram
579 2333 681 2400 posse,
695 2333 762 2400 qno
776 2309 891 2385 minus,
912 2329 1014 2396 quum
1026 2305 1175 2383 venimet,
1197 2305 1224 2372 si

134 2403 156 2434 “
173 2391 332 2484 imperata
346 2419 410 2463 non
422 2395 576 2473 facerent,
599 2393 640 2463 sd
664 2410 810 2465 nutume
834 2393 971 2484 vestigio
991 2391 1224 2484 diriperentur.

135 2489 158 2522 ‘⁴
175 2479 318 2558 Docent,
343 2483 369 2549 si
390 2483 519 2552 omnino
545 2483 645 2554 turris
671 2481 871 2558 concidisset,
900 2502 963 2548 uon
989 2503 1079 2569 posse
1107 2480 1225 2547 milites

135 2577 158 2608 ‘⁴
175 2567 345 2644 contineri,
370 2569 479 2656 quius
536 2569 652 2661 praedae
670 2571 703 2636 in
717 2571 832 2638 urbem
852 2569 1074 2668 inrumperent
1096 2567 1225 2637 urbem·
1271 2593 1283 2604 ”

137 2662 161 2693 “
201 2678 241 2720 ue
260 2653 440 2722 delerent.”
519 2682 564 2726 aec
584 2670 682 2746 atque
703 2655 843 2745 ejusdem
858 2676 984 2744 genens
996 2653 1176 2742 complura,
1188 2665 1226 2720 ut

136 2740 180 2806 ab
214 2739 374 2843 pminibus
392 2742 507 2821 doctis,
530 2767 734 2836 magnacum
752 2739 971 2811 misericordia
995 2735 1138 2828 fletuque
1151 2761 1225 2831 pro·

134 2841 339 2895 nunciantur.

185 2915 235 2980 13.
261 2914 386 2994 Quibus
409 2916 507 2982 'ebus
527 2917 678 2983 commoti
698 2915 814 3006 Legati
825 2913 942 2980 milites
960 2935 1111 3004 exopere
1125 2909 1226 2981 dedu·

127 3014 230 3084 cunt,
241 3001 483 3092 obpugnatione
496 3001 666 3081 desistunt,
682 3003 838 3095 operibus
852 2999 1012 3068 custodias
1026 2999 1226 3090 relinquunt.
1297 3051 1299 3058 .

139 3084 348 3158 induciarum
383 3088 524 3181 quodam
558 3114 675 3182 genere
703 3087 921 3160 misericordia
945 3087 1044 3166 facto,
1072 3087 1228 3160 adventus

176 3281 318 3342 labem,
331 3282 480 3350 musmo.
496 3284 534 3334 Μ.
743 3287 807 3336 αισι
816 3283 911 3346 iussin.
926 3283 967 3333 cf.
978 3279 1062 3332 Tacit.
1071 3278 1139 3332 uin.
1154 3281 1175 3341 l,
1187 3281 1228 3330 66.

180 3346 497 3414 mmmm—pereunt.
529 3349 659 3400 Haecom·
707 3348 868 3408 1.1ν.30,36.

141 3411 185 3462 nis
209 3411 302 3464 absunt
322 3428 338 3463 s
355 3413 429 3464 codd.
461 3413 548 3478 Cujac.
570 3415 658 3464 Petne.
741 3411 993 3478 copam-videri.
1014 3407 1226 3460 Sicreetiusedd.

144 3477 250 3530 Nomio.
270 3475 345 3528 leid.
359 3478 455 3543 primo,
473 3479 568 3543 quiunt
578 3481 660 3530 codex
707 3487 758 3530 vet.
769 3477 885 3530 fleotimo
893 3475 989 3542 judice.
1006 3475 1184 3540 vulgatam.

143 3542 265 3608 optimus.
283 3541 555 3608 mutamusque
565 3553 659 3594 temere
743 3545 824 3608 opero
851 3540 994 3604 (machinas
1021 3549 1048 3590 et
1073 3540 1228 3590 monitiones

143 3605 303 3674 fleripbtnit,
317 3616 345 3659 ut
360 3609 530 3660 tammultan
562 3605 673 3660 iuribus¹
707 3605 995 3668 Coenrinniexercitus)
1084 3613 1120 3658 to.
1136 3607 1174 3656 Μ.

144 3673 324 3723 omitterentur.
355 3673 390 3723 Et
407 3683 445 3724 est
462 3626 563 3738 aliquid
577 3682 659 3724 tauto-
743 3675 791 3739 Spe
815 3672 918 3738 praedae.
960 3671 982 3720 C
1015 3671 1041 3720 d.
1067 3671 1170 3746 quidum
1201 3686 1228 3724 υ

141 3737 218 3802 logie
239 3738 266 3787 in
288 3737 337 3798 his,
353 3742 430 3788 norro
449 3742 578 3802 repentino
595 3756 660 3790 oom-
704 3735 994 3805 praetimendefleins.
1013 3735 1226 3787 insitiuum.

132 3806 562 3868 ,nemetinopr'nutomoloturboti
574 3803 660 3854 Etiam
709 3809 767 3854 438.
786 3807 811 3854 et
828 3799 895 3852 ond.
911 3801 1062 3852 arbitrantur
1074 3802 1124 3866 leg·
1143 3817 1169 3854 te
1184 3817 1227 3870 ομ

144 3868 660 3934 commemorantium.
706 3869 809 3934 maedae.

143 3933 200 3994 erit,
211 3944 280 3981 metu
290 3930 442 3997 direptionis
453 3931 598 3984 inminentis
606 3950 662 4001 per-
745 3933 897 3983 Homnu'bus
914 3931 998 3992 docti&
1015 3931 1139 3985 fecundis.
1170 3931 1229 3984 Vot-

144 3997 255 4048 territus.
293 3997 341 4046 Est
368 3997 445 4061 igitur
471 3998 604 4059 incertum,
628 4013 661 4049 nn
709 4002 770 4049 eius.
808 3997 843 4050 Et
862 3994 951 4062 quidni
973 3996 1058 4062 alique
1085 3997 1227 4048 cremum

144 4061 221 4114 verba
237 4061 303 4122 imo,
320 4069 347 4111 et
359 4061 464 4128 quidem
473 4063 559 4118 omnin
569 4079 599 4116 nc
611 4063 662 4116 sin·
711 4063 841 4114 iiterurum
850 4061 987 4112 adsumudo
1006 4061 1085 4126 (uad
1099 4063 1228 4126 lamae·
1296 4092 1302 4106 ·

132 4126 399 4194 ‘guinemarum-
414 4127 454 4181 Μ.
710 4128 834 4177 hactenus
850 4141 951 4191 quoque
966 4127 1133 4195 expobverit?
1172 4125 1230 4181 eie.

712 4209 761 4259 pro
768 4193 912 4246 biscocto.
928 4193 968 4243 Μ.
