2909 4809
439 201 596 275 un11.
640 205 745 274 cin.
772 177 931 274 11-13.'
1105 255 1110 262 .
1156 161 1247 278 su'

126 388 311 466 musculum
322 390 513 460 devolvunt.
559 393 665 462 Ictum
690 393 823 460 firmitas
843 393 983 462 materie
997 392 1152 470 sustinet;
1173 407 1220 475 et,

126 473 290 566 quidquid
315 475 441 555 incidit,
462 479 591 569 fastigio
615 480 751 548 musculi
767 479 918 554 elabitur.
964 477 1003 546 ld
1023 480 1079 546 ubi
1095 479 1220 572 uident,

127 575 258 639 mutant
271 565 456 642 consilium
478 591 588 655 cupas,
616 566 699 634 toda
722 591 760 634 ec
781 567 853 658 pice
875 566 1021 642 refertus,
1046 565 1222 641 incendunt

127 671 247 738 sesque
261 647 302 717 de
316 675 410 718 muro
425 653 458 718 in
471 653 647 721 musculum
659 653 849 720 devolvunt.
882 651 1039 720 Involutae
1051 651 1221 732 labuntur,

129 735 321 826 delcpoeab
331 737 486 806 lateribus
498 740 530 807 lo
576 740 655 807 uriis
666 741 828 828 furcisque
839 739 883 806 eb
894 763 992 828 opere
1003 753 1219 814 removentur.

128 819 266 891 Interim
278 823 339 890 sub
356 826 498 894 musculo
521 851 565 894 mr
580 828 640 894 itcs
651 827 799 895 vectibus
816 825 922 892 infima
941 850 1016 892 sare
1037 827 1137 894 turris
1151 826 1220 896 hos-

128 908 225 990 tium,
241 911 359 998 quibus
374 912 583 980 fundamenta
607 913 868 990 continebantur,
889 912 1084 979 convellunt.
1130 913 1221 982 Mus-
1281 965 1284 976 .

129 995 224 1062 culus
238 1021 278 1063 ex
293 999 378 1064 turri
387 998 526 1066 lateritia
537 1001 679 1067 anostris
688 999 761 1066 telis
774 1001 1004 1088 tormentisque
1017 997 1219 1068 defenditur:

128 1081 236 1158 hostes
249 1108 289 1150 ex
301 1109 396 1154 muro
416 1110 454 1152 ec
474 1087 620 1154 turribus
638 1087 889 1154 submoventur:
913 1109 978 1154 non
1000 1086 1097 1152 datur
1118 1087 1222 1156 libero

128 1169 215 1235 muri
239 1167 433 1240 defendendi
455 1173 599 1239 facultas.
645 1173 876 1262 Compluribus
901 1173 967 1262 jem
992 1170 1157 1261 lapidibus
1182 1197 1222 1242 ex

130 1279 182 1330 eo,
204 1280 278 1346 qute
295 1259 440 1337 suberat,
468 1263 552 1328 turri
575 1259 754 1336 subductis,
775 1258 944 1352 repentina
958 1257 1053 1326 ruine
1068 1283 1142 1350 pers
1156 1260 1224 1351 ejus

132 1342 233 1410 turris
246 1343 400 1423 concidit,
413 1370 488 1437 pars
502 1347 624 1436 reliqua
638 1371 832 1435 consequeus
846 1345 1091 1437 procumbebat.

178 1429 228 1494 12.
252 1428 338 1498 Tum
350 1431 469 1510 hostes,
484 1434 584 1500 turris
598 1433 765 1524 repertura
777 1433 871 1502 ruine
883 1432 1046 1509 commoti,
1059 1433 1223 1523 inopinato

130 1515 216 1582 malo
231 1516 368 1583 turbati.
401 1519 544 1588 Deorum
559 1520 608 1586 ira
621 1521 772 1610 perculsi,
800 1521 889 1588 urbis
900 1519 1084 1620 direptione
1098 1532 1222 1608 perter-

129 1601 203 1679 riti,
229 1604 363 1671 inermes
385 1630 459 1672 eum
485 1607 592 1674 infulis
613 1631 678 1673 sese
692 1620 790 1699 porte
815 1605 900 1672 fores
921 1606 1061 1674 universi
1080 1605 1222 1698 proripi-

131 1701 211 1765 uut;
232 1689 276 1758 cd
301 1691 439 1782 Legatos
460 1707 558 1782 atque
572 1693 749 1760 exercitum
762 1693 924 1796 subplices
948 1715 1058 1760 manus
1073 1690 1220 1760 tendunt.

134 1775 210 1851 Qus
223 1799 307 1845 nova
321 1801 357 1844 re
371 1779 493 1857 obluta,
509 1782 610 1848 omnis
623 1781 855 1848 administratio
868 1779 947 1846 belli
963 1779 1117 1856 consistit,
1140 1779 1223 1846 mili·

133 1873 260 1952 tesque,
283 1867 386 1932 eversi
401 1891 421 1932 a
435 1867 564 1958 proelio,
583 1868 624 1934 ad
644 1867 785 1934 studium
799 1865 951 1934 audiendi
966 1877 999 1931 et
1012 1863 1224 1954 cognoscendi

131 1947 292 2016 feruntur.
337 1952 408 2018 Ubi
422 1952 580 2020 hostesed
593 1953 732 2044 Legatos
744 1953 981 2040 exercitumque
1036 1965 1223 2028 rvenerunt,

126 2034 274 2117 ‚universi
287 2061 319 2103 se
333 2037 376 2104 cd
400 2039 498 2129 pedes
521 2041 716 2132 projiciunt3
738 2053 844 2117 orent,
870 2050 892 2081 “
908 2051 948 2108 ut
1013 2050 1128 2106 ventus
1154 2039 1224 2108 Oce·

133 2131 157 2162 ‘⁶
173 2121 252 2203 seris
264 2137 483 2215 exspectetur:
507 2141 632 2217 ceptam
646 2151 735 2194 suem
754 2127 869 2196 urbem
888 2126 1004 2201 videri,
1024 2149 1044 2192 o
1087 2151 1125 2193 ra
1149 2150 1223 2218 per-

134 2219 159 2250 “
176 2207 275 2288 fecto,
301 2223 425 2280 turrem
448 2213 639 2290 subrutam
663 2215 772 2303 itaque
796 2239 816 2282 e
840 2210 1023 2282 defensione
1045 2151 1240 2282 discutere?

96 2307 100 2314 '
134 2305 159 2337 “
176 2293 299 2365 nullum
313 2296 433 2366 exoriri
447 2325 570 2380 morem
581 2325 682 2392 posse,
696 2326 763 2391 quo
778 2302 893 2378 minus,
913 2325 1016 2393 quum
1027 2301 1177 2378 venisset,
1199 2300 1225 2368 si

133 2393 157 2424 “
174 2382 334 2474 imperate
347 2385 578 2466 nonfacereut,
600 2385 641 2456 ed
665 2402 811 2458 nutume
835 2387 971 2478 vestigio
993 2385 1225 2478 diriperentur.

134 2479 159 2511 ‘⁶
177 2469 320 2548 Docent,
344 2473 370 2540 si
391 2475 520 2542 omnino
547 2474 646 2544 turris
672 2474 872 2551 concidisset,
901 2498 964 2542 non
990 2498 1080 2564 posse
1109 2475 1226 2542 milites

134 2567 159 2597 “
176 2557 345 2635 contineri,
371 2561 479 2648 quius
536 2562 653 2652 praedm
671 2563 704 2630 in
718 2563 833 2630 urbem
853 2563 1075 2662 inrumperent
1098 2561 1227 2632 urbem·
1272 2590 1284 2600 ·

136 2652 162 2683 “
203 2667 242 2709 ue
261 2645 441 2714 delerent.'’
520 2674 565 2716 aec
585 2663 683 2738 etque
705 2649 844 2738 ejusdem
859 2647 1227 2738 genensoomplurs,ut

134 2729 181 2796 ab
216 2731 375 2834 ominibus
393 2734 508 2812 doctis,
531 2759 647 2828 niagno
661 2759 735 2802 cum
753 2731 971 2805 misericordia
995 2731 1139 2824 fletuque
1153 2755 1226 2826 pro·

158 2831 339 2886 uncuntur.

134 2839 158 2894 n
185 2903 235 2970 13.
261 2905 387 2985 Quibus
409 2908 507 2975 'ebus
528 2889 678 2976 commoti
698 2908 814 3000 Legati
826 2907 943 2976 milites
961 2931 1001 2974 ex
1012 2931 1112 2998 opere
1126 2905 1227 2978 dedu·

125 3003 230 3074 cunt,
241 2991 483 3086 obpugnatione
496 2993 668 3074 desistunt,
684 2997 838 3087 operibus
852 2994 1012 3062 ciutodies
1025 2995 1226 3084 relinquunt.
1298 3047 1300 3052 .

138 3073 348 3149 induciarum
383 3081 524 3172 quodam
558 3106 676 3172 genere
703 3080 921 3155 misericordie
946 3083 1044 3160 laet0,
1072 3082 1229 3157 adventus

175 3271 318 3332 Iabuscer,
331 3273 481 3342 deflnigio.
496 3276 534 3326 Μ.
743 3279 806 3330 tum
816 3277 911 3340 &fulit-
927 3273 1062 3327 Ct'l'scit.
1071 3274 1140 3328 uin.
1154 3277 1176 3336 1,
1188 3278 1229 3326 66.

179 3334 497 3404 runem-pereunt
529 3341 659 3392 Haecom·
707 3341 868 3402 Lissum.

140 3401 185 3452 nlo
209 3401 302 3455 absunt
322 3417 338 3454 e
355 3405 429 3454 codd.
461 3405 548 3469 Cujec.
570 3407 658 3456 eeuv.
741 3405 992 3472 coram-ctam.
1014 3403 1160 3456 Sierectics
1169 3401 1226 3456 edd.

143 3467 250 3520 Ncrv'se.
270 3465 345 3520 leid.
359 3469 455 3534 primo,
473 3471 660 3534 quieetcodex
707 3481 757 3523 ret.
770 3471 885 3522 Bentlcio
893 3470 988 3536 judice.
1006 3471 1184 3536 volpertus

141 3531 264 3597 optimos.
283 3531 357 3584 Voss.
367 3535 464 3586 Lovou.
473 3549 555 3600 nsque
565 3545 659 3586 temere
742 3539 824 3602 Opera
850 3535 994 3598 (machinas
1021 3545 1048 3585 st
1073 3535 1227 3586 munitiones

142 3598 197 3649 leri
209 3596 302 3665 p'otuit,
316 3608 344 3649 ut
360 3601 529 3651 tammultue
563 3597 673 3652 loribus¹
706 3599 1120 3668 Caenrisniexercitusmjecto.
1136 3601 1174 3651 Μ.

142 3665 323 3714 omitterentur.
355 3665 390 3715 Et
407 3675 444 3716 est
462 3619 563 3730 aliquid
577 3674 659 3718 tcuto-
742 3669 790 3731 Spe
815 3667 917 3731 proedae.
960 3665 1041 3715 Codd.
1067 3667 1170 3740 quidem
1200 3681 1227 3720 te

140 3729 217 3793 logia
239 3729 265 3778 in
287 3728 336 3790 his,
352 3734 429 3780 risina
448 3735 578 3795 reponem
594 3749 659 3782 oons-
704 3733 810 3798 mm,
828 3731 894 3780 unde
905 3730 993 3782 Heius.
1013 3733 1045 3782 od
1058 3730 1103 3780 Sul.
1121 3731 1175 3782 lut.
1188 3731 1226 3782 ts.

132 3797 561 3859 momuoptnatomaoturbott.
573 3794 659 3847 Etiam
709 3801 766 3846 438.
785 3802 811 3846 et
828 3793 894 3844 Oud.
910 3795 1061 3846 arbitrentur
1074 3797 1123 3862 leg.
1143 3812 1169 3848 re
1184 3812 1227 3866 ομ

142 3858 279 3924 direptione
291 3864 434 3922 mmm
445 3861 586 3911 necessario
601 3862 628 3910 h.
640 3862 660 3912 l.
705 3862 809 3927 prote
1220 3913 1222 3923 ,

140 3923 199 3984 erit,
211 3933 279 3972 meto
289 3922 441 3988 direptionis
452 3925 598 3976 inminentis
606 3941 661 3994 per·
745 3925 896 3976 nomentio
914 3925 997 3986 docem
1015 3925 1139 3986 ineundis.
1170 3925 1228 3980 Vot-

142 3987 255 4038 territus.
292 3987 340 4037 Est
367 3988 444 4052 igitur
470 3991 603 4052 incertum,
627 4007 660 4042 an
708 3995 769 4042 rius.
807 3991 841 4044 Et
861 3988 950 4055 quidni
972 3991 1058 4056 ulique
1084 3993 1227 4044 creceium

141 4051 220 4102 verbe
237 4051 302 4111 haec,
319 4061 346 4102 ct
358 4053 557 4118 quidemcarnis
567 4072 599 4108 oc
609 4055 661 4110 sin·
710 4057 840 4106 literarum
848 4057 986 4106 adsuetudo
1005 4057 1084 4120 (ned
1099 4059 1228 4120 l,29)eos
1296 4089 1301 4104 .

129 4115 397 4184 ‘gumcoentinslnt
413 4119 453 4172 Μ.
709 4121 834 4240 hectppps
849 4123 1133 4239 ququfiexpoliverit?
1171 4121 1230 4177 cte.

710 4203 760 4252 pro
812 4201 860 4238 ceo
902 4223 915 4256 ,Ι
959 4221 967 4237 .
