2909 4809
211 355 257 422 52
516 344 579 414 DE
601 340 752 411 BELLO
775 330 994 407 GALLIOO.

214 539 334 607 soloce
342 546 455 627 aperta
467 530 683 623 pertinebant,
693 525 841 591 cedentes
852 520 975 611 insequi
985 514 1158 584 auderent:
1181 498 1313 571 interim

214 628 356 715 legiones
373 646 444 697 sex,
468 643 540 708 quae
567 616 677 705 primae
706 618 872 687 venerant,
899 631 997 699 opere
1024 602 1179 671 dimenso,
1205 600 1313 693 ctam

215 712 343 779 munire
357 732 405 775 eos
431 718 535 773 erunt.
583 702 651 769 Ubi
670 700 774 801 prima
796 699 1013 788 inpedimenta
1035 685 1134 755 nostri
1148 689 1312 748 exercitus

215 800 261 865 ab
276 798 333 874 his,
357 820 415 885 qur
429 796 462 860 in
475 790 561 855 silvis
575 786 679 853 abditi
694 785 850 861 latebant,
872 784 938 849 visa
956 790 1042 855 sunt,
1064 768 1166 862 (quod
1180 780 1314 868 tempus

173 880 180 897 ’
215 887 368 952 intereos
381 863 599 945 oominittendi
621 872 732 973 proelii
745 873 952 956 convenerat)
971 869 1028 939 ita,
1051 874 1090 925 ut
1110 860 1196 922 intra
1215 852 1311 917 silvas

216 972 316 1038 aciem
328 967 517 1049 ordinesque
530 969 763 1033 constituerant
773 970 872 1045 atque
883 956 944 1057 ipsi
954 976 1020 1018 sese
1032 943 1312 1035 cpnfilrmavdrann

183 1074 188 1095 ¹
216 1058 325 1123 subito
339 1050 485 1118 omnibus
504 1069 543 1111 co
568 1047 604 1110 iis
652 1043 880 1109 rovolsverunt
903 1050 1125 1135 impetumque
1139 1030 1173 1093 in
1186 1038 1313 1125 nostros

260 1143 341 1207 uites
354 1139 512 1201 fecerunt.
544 1070 613 1197 iiis
627 1068 720 1196 iisile
736 1129 836 1219 pulsis
849 1152 886 1193 ac
902 1124 1115 1216 proturbans,
1131 1110 1314 1181 incredibili

215 1168 382 1295 {ieierime
394 1220 436 1286 ad
451 1220 569 1286 flumen
584 1218 854 1291 decucurrerunt,
877 1226 915 1277 ut
930 1234 1020 1301 paene
1035 1228 1100 1272 uno
1113 1215 1261 1300 tempor?
1275 1208 1312 1261 et

216 1313 258 1378 sd
273 1311 367 1376 silvas
380 1321 414 1373 et
428 1309 460 1371 in
476 1306 605 1371 flumina
625 1316 659 1368 et
671 1304 738 1391 jam
758 1304 791 1366 in
804 1300 950 1366 manibus
970 1295 1085 1362 nostris
1102 1290 1208 1355 hostes
1222 1284 1310 1350 vide-

214 1409 340 1465 rentur.
386 1392 508 1460 Eadem
537 1404 646 1457 autem
672 1388 838 1457 celeritate
864 1386 999 1452 adverso
1028 1378 1110 1447 colle
1136 1376 1179 1442 ad
1202 1384 1313 1438 nostra

213 1496 321 1551 castra
332 1494 432 1571 atque
447 1504 512 1554 eos,
526 1479 584 1566 qui
599 1477 632 1542 in
646 1498 745 1564 opere
757 1472 909 1563 occupati
921 1482 1024 1544 erant,
1040 1461 1287 1533 contenderunt.

260 1572 313 1637 20.
339 1568 457 1635 Caesari
484 1565 589 1632 omnia
615 1585 680 1627 uno
708 1574 854 1650 tempore
880 1570 973 1625 eraut
994 1580 1014 1620 a
1037 1551 1133 1619 enda:
1157 1545 1314 1613 vexillum

216 1654 477 1748 proponendum,
503 1650 591 1741 quod
616 1660 687 1715 erat
713 1649 846 1736 insigne,
871 1668 974 1735 quum
994 1578 1140 1707 simma
1163 1632 1315 1701 concurri

216 1756 400 1834 oporteret:
418 1741 544 1829 signum
556 1738 637 1803 tuba
648 1735 808 1800 dandum:
830 1735 874 1801 ab
885 1755 984 1822 opere
996 1722 1167 1794 revocandi
1179 1720 1313 1787 milites:

212 1832 274 1921 qui
291 1828 402 1933 paullo
417 1827 544 1914 longius
553 1822 684 1912 aggeris
722 1821 831 1886 etcndi
846 1841 954 1886 caussa
964 1822 1195 1919 processerant,
1209 1829 1312 1873 arces·

215 1917 320 1983 sends:
345 1916 427 1981 scies
440 1910 638 1985 instruenda,
660 1847 777 1974 miiites
791 1904 991 1980 cohortandi,
1010 1902 1137 2003 signum
1150 1894 1311 1960 dandum:

213 2028 355 2093 quarum
370 2024 479 2069 rerum
492 2020 639 2087 magnam
652 2009 779 2085 partem
791 1992 945 2082 temporis
956 1992 1097 2057 brevitas
1108 1996 1142 2050 st
1152 2002 1315 2047 successus

252 2172 369 2221 Posrsrta
386 2184 425 2219 ao.
468 2166 607 2215 Delendum
637 2173 675 2211 est
703 2180 741 2221 oe,
790 2162 860 2223 prius
870 2159 998 2223 legebatur
1006 2154 1160 2219 perturbatis.
1169 2148 1312 2223 moxndecs·

216 2248 304 2283 seusus
326 2244 409 2282 sutem
435 2230 495 2281 hic:
521 2244 593 2294 φιιιιιι
613 2226 647 2276 od
663 2228 742 2289 fiam
788 2233 929 2275 curremnt.
961 2221 1065 2271 Ursinus
1083 2234 1099 2267 e
1113 2232 1159 2265 suo
1178 2216 1268 2263 codice
1285 2220 1313 2261 et

217 2299 353 2362 (quosque)
373 2300 426 2347 looa
445 2302 531 2359 aperta
556 2290 644 2353 (nullis
670 2289 743 2338 silvis
789 2288 915 2348 Charieis,
925 2286 950 2334 in
960 2286 1015 2335 edd.
1023 2292 1072 2333 vet.
1081 2282 1312 2331 eratdscssrrmnt.

215 2362 295 2421 tecta)
312 2366 427 2425 museto
442 2358 595 2423 pertinebant
613 2356 742 2414 (extende-
824 2354 857 2402 In
876 2355 994 2417 flurin.
1031 2351 1087 2397 Hoc
1114 2346 1207 2395 flumen
1233 2352 1314 2391 trans·

216 2426 329 2485 bautm).
360 2426 394 2474 Ut
412 2420 512 2482 dicitur,
526 2427 743 2485 mentusca-,ten-
788 2416 866 2480 gressi
884 2415 970 2466 Nervii
985 2414 1103 2464 volebant
1116 2409 1227 2459 Caesaris
1238 2422 1312 2461 exere

216 2492 285 2541 ditur
297 2506 339 2539 sou
347 2492 477 2554 prosumo,
495 2501 550 2551 pro,
564 2492 742 2549 ponsctussst:
787 2482 875 2543 citum,
888 2480 914 2530 in
924 2482 1000 2529 altera
1010 2478 1066 2542 ripa
1074 2476 1198 2535 relictum,
1206 2472 1311 2523 adoriri.

217 2554 255 2605 sic
260 2563 385 2619 porrectus
393 2557 495 2619 potaret
503 2552 536 2601 od
543 2550 742 2613 rumorum,
789 2546 856 2595 ltine
866 2544 1009 2609 transgressi
1018 2544 1110 2592 flumen
1119 2542 1222 2605 erants'rs
1230 2540 1313 2588 ιιιιιιιί-

237 2634 274 2681 ιο,
282 2628 406 2683 porrectus
413 2627 446 2669 ert
454 2615 648 2681 usqueaddlum
653 2614 741 2663 noum.
788 2614 833 2662 dus
843 2610 1079 2669 Romamne.
1089 2622 1167 2671 prope
1173 2606 1312 2661 Romanos,

168 2716 172 2723 ·
242 2682 741 2745 arietsslecrionis(adprosamoperta
788 2680 912 2726 adstantes
920 2669 1312 2732 castrianomssomm,taetym

216 2752 270 2799 lom
289 2764 335 2815 pro
348 2752 401 2799 loos
415 2750 512 2813 operto)
528 2754 601 2808 atros
617 2743 742 2793 dissensus
789 2744 827 2792 Μ.

213 2816 379 2877 interpretum
400 2812 501 2867 indicat,
521 2809 654 2859 lectionem
674 2809 742 2871 vulg.
823 2808 856 2856 Iu
865 2808 1083 2857 mortibussostfls.
1110 2802 1311 2866 Adjectumpro·

214 2878 281 2927 vitio
293 2878 406 2927 laborare
415 2879 452 2926 Μ.
474 2876 596 2939 staysrra
607 2889 651 2936 pro
660 2872 742 2935 glossa
787 2885 879 2921 nomen
899 2879 1042 2935 suspectum
1067 2876 1105 2916 est
1124 2864 1252 2915 Gronovio
1276 2866 1311 2913 ad

216 2944 259 2991 eat
274 2951 384 3007 pontida
401 2942 495 2990 habent
515 2940 619 2987 Hotom.
636 2944 661 2985 et
678 2937 743 2985 Gru·
787 2936 843 2985 Liv.
865 2943 889 2995 2,
911 2940 951 2987 46.
973 2936 1016 2983 sed
1035 2940 1119 2982 notter
1144 2938 1210 2979 atnat
1232 2929 1310 2991 plene

216 3016 293 3057 tems.
327 3007 419 3056 Verum
435 3020 525 3053 eavox
539 3003 673 3052 admodum
684 2999 742 3049 trita
788 3000 879 3064 inqut·

216 3080 255 3122 est
266 3079 358 3122 nostro.
366 3088 393 3121 v.
404 3072 487 3119 index.
513 3066 631 3119 Davisius
642 3075 742 3115 secutus
822 3065 996 3123 Adrenooolle,
1005 3064 1051 3112 i.e.
1061 3060 1108 3119 ibi,
1116 3058 1310 3118 ubieratcollis,

216 3138 274 3187 edd.
287 3140 361 3187 Rom.
396 3136 460 3184 ven.
470 3132 539 3183 dedit
552 3130 673 3194 (muudum
684 3146 742 3194 por-
787 3132 832 3195 qui
842 3148 857 3180 o
869 3128 969 3195 regione
977 3127 1078 3177 alterius
1087 3125 1162 3176 collis
1172 3133 1233 3175 erat.
1248 3140 1273 3175 v.
1284 3140 1309 3174 c.

214 3202 486 3267 rmtaacopertatoco.
519 3196 618 3253 Clariis,
629 3210 739 3257 quocum
791 3198 828 3244 18.
847 3198 884 3244 M.

120 3298 124 3303 -
215 3268 311 3317 faciunt
330 3266 450 3316 cellarius
466 3262 568 3326 aliique,
590 3260 616 3307 ri
630 3270 740 3323 pometa
826 3262 945 3310 Vosidum
952 3256 1144 3322 proponendam.
1179 3254 1309 3305 Russico·

214 3330 329 3381 absdiute
336 3330 445 3395 positum
452 3336 530 3393 putat,
538 3324 739 3388 utapudMinnc.
787 3325 855 3374 ioris.
867 3342 891 3373 v.
903 3322 1016 3373 Macmb.
1031 3325 1081 3373 Sat.
1101 3326 1122 3382 l,
1135 3324 1173 3369 id.
1193 3323 1308 3370 extende-

215 3397 304 3445 Fei.c·
318 3398 355 3445 it.
368 3403 481 3459 porrecto
495 3408 550 3442 com
638 3390 738 3449 ,adeo-
786 3390 860 3439 batur
876 3404 953 3453 supra
970 3388 1114 3452 praetorium
1126 3395 1188 3435 taste
1205 3387 1271 3435 Ptut.
1282 3386 1309 3436 in
1354 3423 1357 3427 1

215 3476 266 3525 qus
276 3462 403 3524 vulgatum
413 3458 510 3508 retinet.
527 3456 535 3504 i
554 3471 593 3504 om
602 3456 653 3518 jani
665 3454 740 3503 Ciac·
786 3454 867 3503 Fabio
878 3472 900 3503 c.
914 3458 952 3503 15.
969 3453 1014 3502 ubi
1025 3452 1118 3501 dicitur
1126 3450 1198 3514 χκῦι
1213 3450 1310 3504 sinum

215 3525 292 3575 conio
304 3524 394 3574 visum.
419 3522 519 3573 Dubius
529 3520 632 3570 omnino
642 3520 721 3569 locus.
786 3520 846 3569 etin
855 3519 976 3569 Marcello
986 3534 1009 3565 c.
1018 3521 1059 3566 26.
1068 3518 1113 3566 ubi
1122 3516 1220 3578 φωιιωὸς
1228 3516 1308 3578 χκύι.

217 3657 224 3667 ·
251 3592 327 3655 Opere
335 3592 451 3645 divitem,
462 3588 480 3637 i.
488 3604 510 3636 s.
523 3585 604 3660 spatio
615 3584 737 3642 dimenso,
787 3586 814 3633 ln
825 3593 911 3633 nostro
921 3586 977 3634 loco
987 3582 1089 3633 Graecus
1099 3582 1164 3630 maie
1175 3580 1253 3629 roddit
1264 3596 1310 3645 per

216 3649 738 3781 iiiuisimeiiisusiriiatiiiiiii'iiiiisiiuio'diiiiiii
785 3668 891 3779 “iim
904 3714 963 3763 tabu
976 3712 1096 3763 dandum
1129 3710 1309 3775 Hoceratsig·

215 3794 295 3837 costra
304 3787 399 3835 mma.
418 3784 455 3832 M.
786 3794 844 3828 num
862 3778 942 3842 ipsius
958 3776 1091 3827 condictus
1108 3776 1252 3825 inchoandi.
1269 3778 1307 3825 Μ.

252 3852 357 3915 Tempus
371 3874 405 3885 -
420 3854 568 3899 sommam,
614 3841 653 3892 Cf.
680 3858 736 3907 cap.
786 3841 1059 3901 Graecusesaemmt..

217 3914 257 3961 rt.
276 3917 310 3963 Μ.
820 3912 925 3972 &qnam
949 3908 1071 3964 ιὶαιιιίιιιιι,
1098 3915 1190 3957 tessera
1218 3906 1306 3955 danda.

252 3980 345 4035 Ita,ut.
379 3978 497 4028 Davisius
513 3976 561 4025 hoc
577 3984 604 4024 ut
621 3973 688 4037 capit
705 3975 736 4022 de
786 3974 938 4023 Monuerunt
960 3970 1122 4020 Rhsliicauus
1138 3980 1164 4019 et
1184 3972 1307 4019 Brantius.

211 4052 325 4106 temporo
342 4058 388 4105 pro
401 4052 537 4107 postquam,
552 4040 648 4103 quirin
661 4038 737 4087 variis
786 4040 824 4088 Μ.
857 4040 924 4087 Bene
939 4040 1041 4086 Grrecus
1058 4036 1168 4096 ιόιθιιμι.
1202 4036 1308 4084 Ciacco·

212 4106 344 4157 codicibus
360 4108 514 4156 eddadeest.
546 4106 594 4155 Sed
606 4105 630 4153 in
641 4102 698 4152 aliis
710 4112 735 4151 et
785 4104 842 4153 nius
861 4104 958 4152 diversa
974 4116 1004 4150 ea
1021 4100 1091 4165 signs
1108 4116 1157 4150 non
1175 4110 1241 4149 recte
1256 4101 1307 4149 dis·

213 4174 270 4223 edd.
281 4180 329 4221 vet.
340 4166 429 4233 legitur
443 4180 528 4234 estque
543 4167 689 4219 adverbium
701 4169 734 4217 si·
784 4169 863 4231 tingui
879 4168 1054 4231 aquibusdam
1070 4167 1143 4215 refert
1156 4176 1181 4214 et
1190 4166 1306 4231 quosdam

212 4236 362 4289 militudinis
373 4250 418 4299 pro
428 4236 539 4295 ursnado,
549 4250 605 4299 qno.
784 4235 827 4283 hic
838 4248 990 4296 supervacua
1000 4231 1072 4280 tradi.

246 4306 465 4377 tnnflmasmont,
481 4300 590 4349 oonsilio
601 4299 733 4364 capiendo,
817 4302 949 4358 Successus,
958 4294 1305 4360 mcessiomdpropiuquatio.

210 4369 364 4435 pollicendo,
375 4366 538 4415 cohortando.
555 4368 593 4414 M.
784 4362 848 4414 Edd.
869 4364 1018 4414 recentiores
1037 4362 1104 4411 maie
1129 4362 1177 4409 hoc
1198 4360 1301 4407 verbum

227 4452 230 4457 ·
244 4434 405 4488 Proturbotis.
432 4432 467 4482 lta
478 4430 733 4482 Faernuseret.cod.
783 4430 927 4491 omiserint,
936 4430 1005 4496 quod
1015 4443 1059 4495 per
1068 4428 1140 4478 codd.
1152 4424 1212 4476 satis
1221 4418 1315 4475 tutum'
