2909 4809
186 370 190 376 .
248 307 315 388 :tlt
571 308 635 377 DE
659 293 810 376 BELLO
834 295 993 375 elvini.

249 493 362 562 artua
375 489 632 572 misrrumum,
653 496 694 562 aa
711 471 878 563 nasutum
945 496 1106 572 nostru,
1121 496 1229 649 appu
1245 504 1341 563 nava

247 581 435 672 expediunt,
448 602 621 670 rursusque
636 605 669 648 se
680 583 722 648 ad
733 583 889 671 confligen
914 593 965 650 um
984 584 1089 650 animo
1104 605 1142 649 cc
1187 595 1296 654 runaut
1306 595 1342 650 et

205 678 207 695 '
249 668 378 733 concilia
403 669 647 734 communicant.
710 671 834 736 Dextra
863 693 935 759 pars
967 670 1215 736 Massiliensibus
1241 671 1342 738 adtri-

248 755 374 829 buitur,
387 753 512 821 sinistra
528 755 671 822 Nasidio.

249 837 253 844 ’
292 841 324 905 5.
349 840 473 908 Eodem
489 842 610 908 Brutus
619 839 799 917 contendit,
815 851 911 908 aucto
926 843 1054 908 navium
1067 863 1210 910 numero.
1252 843 1338 910 Nam

165 995 168 1007 ,
250 927 292 996 cri
307 951 373 1003 eas,
388 951 461 1018 quae
478 928 572 1010 iactae
591 941 684 996 eraut
697 929 829 993 Arelate
843 952 903 1019 per
914 929 1083 1007 cesarem,
1098 931 1236 1018 captiva
1252 931 1340 996 Mas-

251 1015 421 1082 siliensium
435 1028 632 1080 accesserant
646 1037 712 1081 sex.
739 1015 809 1080 Has
822 1017 1043 1104 superioribus
1054 1015 1214 1083 refecerat
1223 1016 1340 1082 diebus

250 1108 350 1190 atque
365 1102 511 1167 omnibus
540 1103 637 1168 rebus
662 1102 866 1167 instruxerat.
913 1102 1028 1187 Itaque
1049 1124 1121 1168 suos
1141 1103 1338 1180 cohortatus,

250 1211 330 1276 quos
345 1189 487 1275 integros
509 1189 754 1276 superavissent,
777 1199 815 1252 ut
835 1189 935 1253 victos
951 1203 1202 1267 contemnerent,
1250 1190 1339 1256 lenus

249 1275 319 1366 spei
340 1274 433 1341 bcuae
455 1287 555 1361 atque
577 1277 672 1340 animi
695 1275 848 1340 adversus
874 1299 929 1340 eos
958 1275 1183 1362 prcii'elscitur.
1259 1277 1339 1343 acite

249 1372 332 1437 erat,
347 1384 387 1426 ex
401 1363 512 1435 castris
528 1362 567 1425 G.
584 1362 737 1427 Trebonii
752 1372 852 1448 atque
866 1362 1012 1428 omnibus
1026 1361 1249 1451 superioribus
1263 1364 1342 1430 loeis

249 1447 435 1539 prospicere
455 1448 489 1514 in
510 1451 636 1525 urbem,
658 1461 698 1513 ut
713 1449 813 1515 omnis
824 1450 989 1538 juventus,
1009 1470 1082 1536 qua
1098 1451 1129 1516 iu
1148 1450 1271 1539 oppidu
1289 1473 1340 1516 re·

250 1547 421 1609 manserat,
448 1557 619 1622 omnesque
641 1536 814 1626 superioris
840 1538 954 1612 atatis,
987 1559 1062 1601 cum
1095 1536 1204 1602 liberis
1239 1545 1340 1625 atque

250 1622 403 1688 uxoribus
417 1621 620 1713 publicisque
634 1623 801 1698 custodiis,
816 1635 874 1688 aut
886 1646 926 1687 ex
937 1646 1032 1688 muro
1045 1621 1087 1687 ad
1100 1623 1216 1689 coelum
1228 1637 1342 1690 manus

99 1783 106 1803 Ι
182 1716 188 1726 ’
218 1721 222 1727 ’
251 1707 432 1784 tenderent,
454 1719 513 1774 aut
528 1709 650 1798 templa
672 1711 817 1775 Deorum
832 1709 1051 1776 inmortalium
1065 1708 1192 1775 adirent
1206 1723 1252 1788 et,
1265 1720 1341 1778 aute

248 1796 416 1862 simulacra
440 1797 589 1885 projecti,
620 1796 789 1862 victoriani
811 1797 855 1862 ab
878 1797 948 1862 Diis
976 1809 1203 1902 exposcerentr
1237 1818 1342 1886 neque

249 1894 321 1949 crat
341 1883 511 1973 quisquam
534 1880 687 1959 omnium,
713 1884 793 1971 quin
816 1885 847 1948 in
872 1886 939 1971 ejus
962 1881 1027 1949 dier
1041 1907 1113 1948 casu
1129 1905 1260 1950 suarum
1275 1895 1341 1949 oin-

248 1969 336 2036 nium
364 1970 568 2035 fortunarum
588 1980 741 2035 eventurn
761 1971 931 2036 consistere
945 1971 1154 2036 existimaret.
1201 1971 1287 2037 Nam
1307 1979 1343 2036 et

176 2056 180 2062 ’
248 2055 372 2144 honesti
385 2077 425 2120 ex
437 2056 621 2161 juventute,
637 2066 672 2122 et
686 2058 842 2160 cujusque
856 2058 958 2124 aetatis
980 2057 1176 2145 amplissimi,
1199 2059 1341 2123 nomina·

248 2144 308 2208 iim
322 2155 448 2212 euocati
459 2149 558 2230 atque
572 2144 744 2219 obsecrati,
761 2167 857 2210 naves
869 2143 1139 2224 conscenderantr
1155 2155 1204 2221 ut,
1218 2145 1246 2209 si
1260 2143 1342 2232 quiri

249 2229 376 2298 adversi
401 2228 580 2304 accidisset,
608 2253 648 2295 ne
674 2232 714 2296 ad
741 2231 920 2297 conandum
940 2230 1073 2320 quidem
1088 2230 1148 2295 sibi
1163 2230 1342 2338 quidquam

249 2315 365 2404 reliquii
379 2316 450 2382 iore
460 2315 608 2380 viderent
622 2337 630 2391 ;
652 2317 678 2380 si
692 2318 939 2403 superavissent,
952 2318 1004 2382 vel
1020 2317 1200 2383 dmnesticrs
1213 2319 1342 2405 opibus,

250 2401 303 2468 vel
316 2402 454 2467 externis
469 2402 607 2477 auxiliis,
620 2403 662 2467 de
673 2405 779 2468 salute
794 2404 883 2471 urbis
898 2403 1108 2470 confiderent.

292 2489 324 2554 62
349 2487 525 2556 Commisso
544 2489 673 2576 proelio,
691 2490 940 2556 Massiliensibus
955 2515 1005 2556 res
1020 2490 1111 2556 nulla
1130 2487 1171 2558 ud
1185 2490 1342 2557 virtutem

249 2575 374 2643 defuit:
397 2576 453 2641 sed
476 2597 632 2640 memores
658 2598 768 2641 eorunm
784 2589 1032 2666 praeceptorum,
1058 2589 1130 2663 que
1187 2576 1344 2643 ulicant'e

248 2664 292 2733 ab
302 2662 367 2733 suis
380 2671 583 2750 acceperant,
598 2661 659 2728 iroc
673 2664 778 2728 animo
792 2664 1014 2739 decertabant,
1042 2675 1081 2728 ut
1106 2684 1150 2728 nu
1176 2683 1231 2728 um
1251 2663 1342 2730 aliud
1426 2737 1427 2742 ἵ

250 2748 615 2840 tempusadconandum
625 2749 767 2816 habituri
778 2751 977 2826 viderentur,
992 2763 1037 2826 et,
1050 2749 1170 2837 quibus
1183 2750 1214 2814 in
1231 2770 1345 2841 pugna
1408 2832 1412 2836 .

249 2838 324 2903 vitas
355 2836 536 2927 periculum
563 2836 737 2913 accideret,
775 2859 837 2903 nan
867 2840 913 2902 ita
941 2837 1046 2902 mulio
1077 2861 1111 2902 se
1142 2835 1343 2925 reliquorum

249 2923 368 2989 civium
388 2921 493 2987 iatum
513 2923 700 2990 antecedere
722 2924 952 3000 existimarent,
999 2924 1106 2998 uibus,
1130 2923 1211 2988 urbe
1233 2933 1344 3012 capu,

146 3045 152 3054 ·
249 3010 360 3076 eudem
387 3021 470 3073 esset
501 3008 580 3074 belli
608 3010 741 3076 fortuna
811 3011 931 3076 tienda.
1019 3007 1199 3098 iductisque
1228 3009 1347 3076 nostris

249 3095 419 3191 paullatim
447 3095 593 3171 navibus,
637 3107 672 3162 et
704 3033 840 3164 artiibio
922 3097 1131 3163 bernatorum
1168 3095 1344 3164 mobilitati

250 3183 380 3252 navium
400 3183 491 3249 locus
510 3181 650 3249 dabatur
673 3196 720 3262 et,
739 3183 765 3250 si
781 3207 865 3272 quan
890 3209 910 3250 o
932 3185 1032 3250 nostri
1048 3181 1236 3248 facultatem
1258 3183 1344 3250 nacti

141 3283 146 3287 ’
249 3271 363 3340 terreis
386 3268 533 3336 manibus
560 3269 684 3360 injectis
711 3293 825 3336 navem
852 3271 1081 3361 religaverunt,
1109 3269 1252 3355 undique
1277 3270 1346 3336 suis

251 3461 329 3510 tinum
357 3455 525 3510 Telcueascru
551 3450 596 3509 ubi
624 3473 691 3520 nunc
719 3457 774 3510 bini
825 3467 876 3523 put.
908 3457 1187 3509 itaetCic.adDiv.i
1215 3459 1344 3508 tartes-

250 3531 340 3591 portus
348 3527 372 3574 te
382 3526 442 3574 brus
453 3525 485 3576 ds
497 3527 524 3574 Β.
537 3525 631 3588 Gaurus
640 3532 667 3572 et
676 3524 775 3587 REues·
820 3529 956 3589 pimuwm,
969 3529 992 3574 rs·
1002 3525 1115 3574 sincium.
1135 3522 1177 3572 Cf.
1184 3493 1277 3596 ilcmt.
1292 3518 1345 3597 ἥρ.

249 3597 298 3642 cut.
336 3591 511 3654 Wssulu'apiso
527 3591 573 3649 (ad
591 3587 710 3642 nasonis.
733 3589 774 3640 iti·
804 3593 884 3651 ·1,s‚
897 3593 920 3638 6.
932 3589 972 3638 ed.
983 3587 1101 3640 Bentleii.
1120 3585 1344 3640 Curtiusadl’lru.

248 3654 528 3771 ”cattus
547 3717 623 3769 sus.
653 3717 705 3770 nn
715 3719 774 3782 ,a
823 3651 1343 3784 suut-urruffauut0²⁵⁸·

237 3794 320 3838 ,runt
856 3786 1089 3848 eommmoprcuo,
1101 3781 1264 3832 intercedam
1275 3796 1344 3830 cour·

285 3853 394 3902 mich.
413 3851 455 3901 Ci.
468 3853 490 3911 i,
501 3853 542 3900 36.
560 3849 598 3900 Μ.
823 3849 930 3899 mittitur
939 3849 1066 3913 proelium.
1089 3849 1127 3897 Μ.

287 3919 481 3980 Summam,
490 3923 615 3966 senectus.
639 3915 678 3964 nt.
696 3915 773 3980 Apul.
855 3918 1050 3979 pascuorum.
1071 3911 1131 3964 Sunt
1142 3911 1344 3964 adhortationes.

168 3986 177 3997 ’
251 3973 357 4032 nisum.
368 3985 389 4029 1.
401 3985 525 4041 altiorem,
531 3981 637 4030 Tertuli.
658 3981 736 4044 Apol·
746 3995 775 4030 c.
821 3981 852 4029 de
862 3981 954 4044 quibus
963 3995 1020 4043 cap.
1030 3985 1054 4029 4.
1077 3979 1114 4028 M.

252 4049 410 4109 amcam
420 4045 645 4096 aeurmdiuere.·
856 4047 1028 4108 mumurque.
1058 4041 1342 4094 &condensi-acadd-

287 4113 425 4161 officum.
445 4110 485 4159 Sic
497 4121 557 4160 etc.
571 4115 608 4160 14.
821 4119 848 4158 et
858 4111 916 4159 eod.
927 4116 976 4158 ret.
991 4107 1073 4172 Vulgo
1082 4110 1245 4183 mundaque.

287 4177 401 4234 Honesti,
409 4175 600 4226 nouitiumitu
608 4174 667 4226 cuti.
689 4175 727 4222 Μ.
856 4178 955 4226 Ferres'a
961 4175 1085 4224 manibus.
1094 4190 1119 4221 r·
1130 4173 1184 4224 lud.
1195 4175 1341 4238 rnbcrpuco

287 4243 316 4290 δι’
334 4243 523 4303 nmmum.
557 4239 641 4290 Daris.
659 4235 771 4288 mdabat
818 4249 955 4292 etmomsr.
974 4240 1012 4288 M.

251 4309 300 4366 rut,
315 4306 359 4356 scd
376 4311 459 4353 noster
469 4311 495 4353 et
505 4305 568 4354 alibi
579 4305 636 4352 riri
646 4302 684 4352 sic
700 4318 770 4352 usur·
790 4330 793 4338 ·
860 4303 865 4311 “
