2909 4809
230 258 293 329 196
487 306 493 314 ·
528 195 770 331 aninmo
792 254 1014 335 annulos).
1106 326 1107 332 ,

226 444 430 515 Conantibus
440 444 588 517 auxiliari
596 447 673 524 suis,
686 446 886 531 “Frustra”
904 446 1023 537 inquit,
1040 454 1063 488 “
1076 466 1154 511 meae
1166 440 1323 509 vitasula

228 543 255 577 “
270 532 381 601 venire
394 533 563 611 conamini,
575 559 673 623 quem
678 533 745 627 jam
760 534 888 625 sanguis
901 534 1051 622 viresque
1063 532 1235 599 deficiunt:
1252 550 1324 618 pro·

229 630 256 663 “
271 621 346 687 inde
356 621 431 689 hinc
445 621 544 704 abite,
556 622 636 689 dum
650 635 698 688 est
712 622 863 699 facultas,
875 644 998 708 vosque
1013 620 1054 686 ad
1070 620 1230 709 legionem
1248 614 1325 682 reci·

230 716 257 752 ‘⁴
296 710 373 775 ite.”
386 708 674 799 ltapugnanapost
685 710 870 812 paullulum
878 708 1017 776 concidit
1028 732 1065 773 ac
1073 704 1240 773 suissaluti
1250 705 1325 769 fuit..

235 806 239 815 '
271 732 328 861 il.
352 796 478 878 Nostri,
525 821 603 863 uum
616 798 762 887 undique
776 810 1012 887 premerentur,
1026 794 1137 861 XLVI
1155 792 1327 859 Centurio-

157 905 171 966 ᾗ
229 879 324 950 nibus
356 883 488 966 amiasir,
500 822 632 949 he'ecti
657 896 735 951 sunt
747 884 844 967 loco:
879 883 936 950 sed
950 882 1182 959 ,intolerantius
1215 879 1329 945 Gallos

228 967 432 1059 insequentes
442 907 739 1061 legiolltardavit,
752 995 825 1059 quae
863 993 899 1036 ro
910 969 1054 1036 subsidio
1089 968 1178 1035 aullo
1186 966 1329 1053 aequiore

229 1054 303 1123 loco
317 1058 518 1126 constiterat.
554 1056 649 1125 Hanc
662 1082 773 1125 rursus
787 996 871 1125 xlii
886 1057 1020 1147 legionis
1033 994 1182 1122 cohortes
1193 1077 1329 1144 excepe-

231 1156 322 1223 runt,
336 1168 423 1235 quae,
431 1168 473 1211 ex
481 1145 593 1211 castris
602 1144 780 1213 minoribus
789 1146 924 1221 educte,
938 1168 1013 1209 cum
1025 1144 1065 1209 T.
1079 1144 1191 1209 Sextio
1203 1141 1331 1229 Legato

229 1244 384 1384 qqperant
397 1232 504 1298 locum
516 1232 727 1323 superiorem.
745 1232 915 1321 legiones,
927 1232 985 1297 ubi
1002 1231 1141 1320 primum
1163 1228 1332 1319 planitiem

276 1320 434 1409 tigerimt,
446 1319 568 1385 infestis
580 1333 693 1387 contra
707 1320 813 1386 hostes
826 1318 922 1409 signis
937 1320 1163 1397 constiterunt.
1197 1316 1331 1381 Vercin-

230 1408 366 1559 gietorix
377 1406 422 1473 ab
436 1406 594 1475 radicibus
608 1408 699 1475 collis
711 1430 786 1473 suos
797 1408 884 1473 intra
897 1406 1095 1508 munitiopes·
1105 1402 1248 1471 reduxit.
1280 1404 1331 1469 Eo

267 1494 505 1647 eogulliriitsdildt
529 1493 860 1659 iaudffiindldnlcign}
875 1492 1060 1659 (iiiiiiiratil,
1077 1580 1332 1643 “temeritatem

231 1672 258 1709 “
271 1667 548 1758 cupiditatemque
562 1670 704 1736 militurn
718 1667 940 1757 reprehendit,
957 1665 1046 1755 quod
1060 1666 1122 1731 sibi
1137 1664 1197 1753 ipsi
1208 1664 1333 1753 judica-

211 1762 258 1811 ·“
274 1756 404 1833 vissent,
427 1778 495 1844 quo
507 1756 759 1845 procedendum,
785 1762 844 1820 aut
865 1756 945 1857 quid
965 1753 1127 1842 agendum
1152 1751 1332 1824 videretur,

232 1848 259 1883 ‘⁴
275 1864 315 1909 ne
340 1838 484 1931 nesigno
497 1841 674 1931 recipiendi
689 1840 768 1908 dato
783 1843 1010 1921 constrtissent,
1025 1864 1131 1931 neque
1145 1862 1165 1904 a
1179 1838 1334 1905 Tribunis

234 1934 259 1969 “
275 1866 417 1995 miluum
446 1928 642 2031 Legatisque
671 1928 803 1994 retineri
832 1929 1027 2018 potuissent:
1065 1925 1224 2015 exposito,
1253 1925 1334 2013 quid

234 2014 428 2106 “iniquitas
452 2015 514 2079 locr
544 2027 664 2102 posset,
691 2014 773 2104 quid
803 2014 870 2104 ipse
897 2016 945 2092 ad,
969 2014 1147 2080 Avaricum
1176 2014 1333 2087 sensisset,

234 2110 260 2181 ‘.‘
275 2124 389 2190 quum,
410 2101 478 2166 sine
493 2098 576 2165 duce
587 2112 621 2165 et
634 2101 700 2166 sine
712 2101 862 2189 equitatu
879 2100 1084 2189 deprehensis
1097 2100 1256 2177 hostibuS,
1281 2124 1334 2165 ex-

235 2198 262 2232 “
278 2189 439 2279 ploratum
453 2184 624 2252 victoriam
635 2187 817 2264 dimisisset,
844 2210 884 2253 ne
899 2212 1037 2277 parvum
1049 2186 1147 2252 modo
1160 2187 1334 2253 detrimen-

234 2282 350 2341 “tum
375 2274 409 2339 in
434 2274 640 2339 contentione
670 2287 807 2375 propter
834 2274 1038 2363 iniquitatem
1068 2272 1130 2338 loci
1160 2273 1333 2339 accideret.

235 2368 260 2404 ‘⁴
277 2362 410 2438 Quanto
418 2382 518 2448 opere
528 2382 641 2425 eorum
648 2362 745 2427 animr
754 2360 1008 2449 magnitudinem
1017 2360 1243 2435 admiraretur,
1254 2384 1335 2447 quos

235 2456 260 2492 “
276 2471 340 2515 non
354 2458 536 2513 castrorum
550 2447 759 2525 munitiones,¹
769 2470 834 2514 non
847 2446 988 2514 altitudo
1001 2448 1130 2525 montis,
1146 2470 1210 2511 non
1224 2458 1354 2513 murus'

234 2544 260 2577 ‘⁴
274 2534 388 2625 oppidi
402 2534 532 2600 tardare
547 2534 722 2623 potuisset;
746 2546 837 2601 tanto
853 2558 950 2623 opere
973 2533 1134 2599 licentiam
1149 2534 1335 2622 adroganti-

233 2633 260 2668 “
275 2645 393 2711 amque
408 2620 656 2711 reprehendere,
672 2622 762 2711 quod
777 2622 850 2711 plus
864 2647 909 2701 se,
923 2644 1021 2723 quam
1040 2620 1279 2708 imperatorem,
1295 2622 1336 2687 de

225 2718 261 2793 '⁸‘
276 2708 415 2776 victoria
428 2720 528 2796 atque
543 2709 635 2775 exitu
646 2731 757 2775 rerum
768 2709 886 2775 sentire
901 2708 1135 2774 existimarent:
1159 2731 1219 2773 nec
1231 2709 1336 2774 minus

237 2806 262 2878 ξ·
276 2819 312 2861 se
339 2796 373 2861 in
394 2794 498 2862 milite
520 2795 710 2862 modestiam
736 2807 771 2862 et
794 2795 1036 2872 continentiam,
1061 2818 1159 2881 quam
1179 2796 1336 2861 virtutem

226 2889 263 2961 β·
278 2892 380 2968 atque
393 2881 491 2946 animi
505 2882 760 2971 magnitudinem
774 2882 989 2949 desiderare.”

279 2968 335 3033 53.
360 2967 434 3033 Hac
446 2966 560 3033 habita
572 2969 725 3036 concione
746 2982 781 3036 et
801 2970 843 3037 ad
856 2984 1037 3036 extremum
1056 2971 1201 3036 oratione
1221 2970 1336 3035 confir-

187 3063 191 3071 '
237 3053 333 3123 matis
346 3052 516 3129 militibus,
533 3065 555 3095 ⁴⁶
569 3078 609 3121 ne
624 3056 669 3122 ob
682 3056 764 3123 hanc
778 3080 925 3125 caussam
936 3058 1040 3123 animo
1056 3070 1337 3146 permoverentur,

237 3152 356 3224 “nem
370 3140 460 3230 quod
474 3141 519 3207 ini
542 3142 627 3209 uitas
649 3142 712 3210 loci
726 3142 907 3227 adtulisset,
929 3144 962 3210 id
977 3144 1093 3209 virtuti
1116 3143 1255 3210 hostium
1281 3144 1338 3210 tri·

230 3230 454 3309 -“,buerent;”
533 3252 585 3296 em
607 3230 650 3296 de
664 3232 879 3334 profectione
907 3232 1063 3321 cogitans,
1087 3255 1161 3319 quae
1173 3245 1247 3297 ante
1269 3254 1338 3297 ren·

182 3382 186 3387 ,
236 3330 337 3394 serat,
360 3316 502 3405 legiones
527 3312 568 3383 eir
590 3328 703 3384 castris
717 3318 838 3385 eduxit
856 3318 1020 3406 aciemque
1046 3318 1160 3393 idoneo
1175 3319 1247 3383 loco
1263 3343 1336 3384 con-

236 3404 357 3473 stituit.
401 3404 514 3480 Quum
530 3403 779 3495 Vercingetorix
796 3404 897 3472 nihilo
918 3406 1020 3494 magis
1041 3404 1074 3471 in
1089 3427 1218 3493 aequum
1232 3406 1340 3471 locum

273 3574 651 3640 Imaronoamtttcopraam.
849 3578 982 3629 sectaret.
998 3575 1039 3627 Sic
1053 3577 1269 3629 Oud.ecodd.et
1280 3579 1338 3629 edd.

275 3641 451 3692 normaton
470 3664 505 3679 -
523 3644 593 3692 mro
609 3642 783 3693 motiones
815 3650 865 3692 vet.
885 3642 968 3707 Vulgo
979 3646 1105 3707 acciperet.

188 3708 194 3717 ’
241 3700 444 3763 videam.
854 3709 934 3759 Tanto
944 3724 1023 3772 opere.
1035 3707 1080 3758 alii
1096 3716 1230 3772 tantopere.

276 3770 370 3822 Aaou
388 3777 449 3820 nott
465 3794 501 3808 ··-
517 3768 659 3821 manaa
690 3770 765 3821 Hanc
852 3774 903 3823 Nec
911 3772 1115 3823 nauussliimn
1126 3779 1219 3824 numus.

226 3836 343 3885 clade·
361 3843 484 3885 memoret
502 3835 609 3887 Sueton.
627 3836 655 3887 iu
674 3836 765 3887 Jul.c.
852 3840 915 3892 Qaoe
935 3847 992 3889 onte
1012 3847 1130 3889 renem.
1171 3838 1212 3888 Cf.
1231 3855 1289 3904 cap.
1308 3840 1340 3888 tt

241 3906 286 3951 2³.
303 3903 432 3955 Davisius.
817 3910 880 3954 extr.
896 3904 1008 3953 Nclebat
1018 3904 1054 3953 ita
1064 3903 1205 3963 discedere,
1215 3914 1243 3954 ut
1254 3907 1340 3970 lugere

243 3974 258 4013 ’,
278 3966 403 4029 amno,
422 3964 441 4015 i.
449 3980 475 4015 e.
493 3964 611 4032 exposito
623 3965 700 4017 simul
711 3966 767 4018 illo.
817 3969 951 4019 videretur.
969 3970 1020 4019 rr.

242 4027 286 4079 Sic
306 4029 412 4092 quidam
437 4032 515 4082 codd.
544 4031 614 4095 iique.
638 4032 768 4085 meliores·
841 4034 1344 4099 Nihilomapirmonmagistuncdesoen-

244 4094 468 4159 volgum.
486 4098 524 4147 Μ.
549 4096 635 4146 Etiam
646 4099 705 4147 cod.
715 4101 768 4147 An·
817 4098 902 4159 debat,
912 4116 986 4163 quarn
998 4110 1072 4149 antea
1089 4102 1271 4149 descendemtr
1291 4102 1343 4149 he-

241 4158 322 4210 dinus
340 4162 456 4225 copodo.
488 4160 538 4220 ’,(ἓί.
556 4162 636 4213 Gron.
655 4165 689 4212 ad
708 4162 769 4213 Liv.
817 4164 907 4213 rebant
917 4158 985 4213 enim
996 4164 1102 4214 Galliin
1110 4166 1203 4215 montis
1212 4164 1343 4229 superiore

244 4227 270 4288 l,
279 4227 322 4276 ⁴1.
632 4244 638 4253 ·
819 4236 891 4293 parte
903 4246 909 4277 =
926 4230 978 4279 vid.
988 4246 1012 4279 c.
1023 4234 1055 4279 46
1067 4248 1073 4278 ι
1090 4240 1115 4279 et
1123 4246 1279 4295 quamquam
1288 4232 1343 4279 Ro·

277 4288 320 4349 aa
336 4292 480 4349 dmm
509 4290 587 4344 Conl-
602 4308 663 4359 cap.
677 4294 717 4356 to,
730 4296 787 4345 19υ
819 4294 1344 4359 manosinsecutidescenderantcap.51,

244 4356 286 4410 11.
581 4363 584 4368 ’
821 4359 1106 4415 tameninmunitiones
1123 4364 1220 4413 luerunt
1236 4360 1345 4413 reducti.
