2909 4809
442 213 531 284 unt.
554 215 600 285 ιι.
644 187 935 287 cAP.11-13.'
1108 264 1114 273 .
1160 173 1250 288 sru'

131 398 314 477 musculum
326 401 516 470 devolvunt.
562 403 669 475 Ictum
693 405 827 474 firmitas
846 404 987 474 materie
1000 403 1156 482 sustinet3
1176 418 1223 486 et,

131 485 293 577 quidquid
318 488 444 566 incidit,
465 491 595 580 fastigio
618 491 755 558 musculi
771 491 921 560 elabitur.
968 489 1006 558 Id
1026 491 1083 556 ubi
1098 491 1223 570 vident,

132 586 261 651 mutant
274 577 459 652 consilium3
481 602 591 667 cupas,
620 577 702 644 taeds
725 602 764 644 ec
785 579 856 668 pice
879 577 1024 655 refertus,
1049 575 1225 651 incendunt

132 683 251 750 easque
265 659 306 728 de
319 687 413 730 muro
428 665 462 730 iu
475 665 651 732 musculum
662 664 853 731 devolvunt.
885 663 1043 732 Involutre
1055 663 1224 742 labuntur,

134 745 323 836 debpmb
334 749 555 818 lateribuslon
579 751 658 819 uriis
669 750 832 838 furcisque
843 752 886 817 eb
898 774 996 840 opere
1006 765 1222 824 removentur.

133 829 269 904 Interim
282 835 342 902 sub
359 836 501 906 musculo
525 776 643 906 miiites
655 839 803 904 vectibus
819 835 926 904 infima
945 861 1019 904 sexa
1041 837 1140 904 turris
1154 838 1224 908 hos·

133 919 228 1001 tium,
244 921 363 1009 quibus
377 923 587 992 fundamento
610 925 871 1002 continebantur,
892 923 1088 990 convellunt.
1134 925 1224 992 Mus-
1284 977 1287 990 ,
1402 911 1403 919 ¹

133 1007 227 1074 culus
241 1031 281 1074 ex
295 1010 382 1076 turri
390 1009 530 1078 lateritia
540 1035 560 1077 e
569 1013 682 1078 nostris
691 1011 765 1078 telis
777 1011 1008 1100 tormentisque
1021 1009 1223 1080 defenditur:

133 1091 239 1163 hostes
252 1119 292 1162 ex
305 1119 399 1165 muro
418 1121 457 1164 ac
476 1099 624 1166 turribus
642 1098 892 1167 submoventur:
916 1121 981 1168 non
1003 1097 1101 1164 datur
1122 1098 1226 1168 libere

133 1180 218 1246 muri
242 1179 435 1249 defendendi
458 1185 603 1250 facultas.
648 1184 880 1274 Compluribus
905 1184 971 1274 jam
995 1183 1160 1273 lapidibus
1185 1209 1226 1254 ex

135 1289 185 1342 ee,
206 1291 281 1358 quse
298 1269 442 1348 suberat,
471 1274 556 1339 turri
579 1271 758 1348 subductis,
779 1269 947 1364 repentine
962 1269 1056 1337 ruins
1071 1295 1146 1360 pars
1159 1271 1227 1363 ejus
1260 1277 1261 1286 ’

136 1353 236 1420 turris
249 1355 403 1434 concidit,
417 1382 491 1447 pars
505 1358 627 1447 reliqua
641 1382 835 1446 consequens
850 1357 1094 1449 procumbebat.

182 1440 231 1504 12.
255 1441 341 1508 Tum
354 1441 473 1522 hostes,
487 1444 587 1511 turris
601 1445 769 1536 repentina
781 1445 874 1512 ruins
886 1443 1050 1521 commoti,
1062 1444 1226 1534 inopinato

134 1527 220 1594 melo
235 1529 372 1595 turbati.
404 1531 548 1598 Deorum
564 1530 612 1599 ire
625 1533 776 1622 perculsi,
803 1532 893 1599 urbis
904 1531 1087 1632 direptione
1102 1543 1225 1620 perter·

132 1612 206 1690 riti,
233 1615 366 1682 inermes
388 1642 462 1684 cum
487 1618 595 1685 infulis
616 1643 681 1686 sese
695 1631 793 1709 porta
818 1619 903 1684 foras
925 1617 1064 1684 universi
1083 1617 1225 1708 proripi·

136 1712 214 1777 unt;
236 1700 279 1771 sd
303 1701 442 1794 legatos
463 1718 561 1794 atque
575 1706 753 1772 exercitum
766 1705 927 1806 subplices
951 1726 1062 1770 manus
1076 1703 1223 1805 tendunt.

138 1783 213 1862 Qun
226 1810 310 1855 nova
323 1813 360 1856 re
375 1790 497 1870 oblou,
512 1793 613 1860 omnis
626 1792 859 1861 administrans
871 1791 950 1858 belli
967 1789 1121 1867 consistit,
1144 1791 1227 1858 mli-

137 1885 264 1962 tesque,
286 1876 391 1942 aversi
404 1902 425 1943 ιι
438 1879 568 1968 proelio,
587 1879 628 1947 ed
647 1878 789 1946 studium
802 1877 954 1946 audiendi
969 1875 1227 1965 «recognoscendi

135 1958 295 2028 feruntur.
341 1963 411 2030 Ubi
425 1964 583 2032 bostesad
597 1965 735 2055 legatos
747 1963 985 2052 exercitumque
1021 1977 1226 2040 ervenerunt,

130 2047 323 2127 ⁶universisc
337 2049 379 2116 sd
403 2051 502 2140 pedes
524 2051 719 2142 projiciunt;
741 2065 847 2128 orant,
873 2061 951 2118 “ut
1017 2059 1131 2116 ventus
1157 2051 1227 2120 Gre-

137 2142 161 2173 “
177 2133 256 2213 saris
267 2149 487 2226 exspectetur:
510 2153 635 2230 coptum
649 2163 738 2206 suam
757 2140 872 2207 urbem
891 2136 1008 2214 videri,
1027 2161 1128 2228 opera
1152 2161 1226 2228 per·

139 2229 162 2260 ‘⁴
179 2219 279 2300 fecte,
304 2233 428 2290 turrem
452 2225 642 2302 subrutam
666 2226 775 2314 itaque
799 2250 819 2293 a
844 2224 1026 2292 defensione
1051 2223 1202 2292 desistere
1215 2245 1243 2292 r·

100 2317 106 2325 '
139 2317 163 2348 “
180 2307 302 2375 nullam
317 2309 437 2378 exoriri
451 2335 572 2380 moram
584 2336 685 2404 posse,
700 2336 766 2404 quo
781 2313 896 2390 minus,
916 2335 1018 2402 quum
1031 2312 1180 2391 venisset,
1202 2311 1228 2378 si

138 2403 161 2435 “
178 2393 337 2486 imperate
350 2420 415 2464 non
427 2397 581 2477 fecerent,
603 2397 644 2466 ad
668 2415 815 2468 nutume
838 2399 975 2488 vestigio
996 2397 1228 2488 diriperentur.

138 2491 163 2522 “
180 2479 323 2559 Docent,
348 2484 373 2552 si
395 2487 522 2553 omnino
550 2486 649 2554 turris
675 2485 875 2562 concidisset,
904 2509 967 2552 non
993 2509 1084 2575 posse
1112 2486 1229 2554 milites

139 2577 163 2608 “
180 2569 349 2646 contineri,
374 2571 483 2660 quius
540 2573 656 2663 praede
674 2575 707 2640 in
721 2575 836 2642 urbem
857 2575 1078 2673 inrumperent
1101 2573 1230 2644 urbem-
1275 2601 1287 2611 ·

141 2663 165 2694 “
205 2679 246 2721 ue
263 2655 444 2726 delerent·”
523 2685 569 2728 rec
588 2673 686 2748 atque
708 2659 847 2750 ejusdem
862 2682 989 2749 generis
1000 2658 1180 2749 complure,
1192 2673 1230 2726 ut

139 2739 184 2807 ab
219 2741 378 2844 ominibus
396 2744 511 2823 doctis,
534 2769 738 2838 magnacum
756 2744 975 2821 misericordia
999 2741 1142 2834 fletuque
1155 2768 1229 2838 pro-

138 2842 343 2896 nuscuntur.

130 2997 134 3003 Ι
189 2915 238 2982 13.
264 2917 390 2994 Quibus
412 2917 511 2984 'ebus
531 2919 681 2987 commoti
702 2919 818 3012 Legati
829 2917 946 2986 milites
964 2941 1114 3010 exopere
1129 2915 1230 2991 dedu·

130 3015 234 3084 cunt,
244 3002 487 3094 obpugnatione
500 3003 671 3084 desistunt,
686 3007 841 3098 operibus
855 3005 1015 3074 custodias
1029 3006 1230 3096 relinquunt.
1301 3059 1304 3064 Δ

142 3087 351 3160 induciarum
387 3090 528 3184 quodem
562 3117 679 3184 genere
707 3091 924 3165 misericordia
949 3095 1047 3172 facto,
1075 3093 1232 3169 adventus

178 3282 320 3344 law,
335 3285 484 3352 deiestigio.
499 3287 538 3336 Μ.
746 3289 810 3340 Cum
819 3287 914 3350 insulis.
930 3287 971 3338 Gi.
981 3285 1142 3338 Tacitum.
1157 3289 1179 3348 1,
1191 3289 1232 3338 66.

183 3349 500 3416 Tranium—persulsi.
532 3353 662 3403 Haecom·
710 3351 871 3414 murum

144 3413 188 3464 tie
212 3412 305 3466 obsunt
326 3415 432 3465 soodd.
464 3415 551 3480 Cujus.
573 3417 661 3468 Peter.
744 3417 996 3482 Captatur-rideri.
1017 3413 1230 3468 Sicreetiuredd.

146 3479 254 3530 Norrie.
273 3477 348 3530 leid.
362 3480 457 3546 primo,
476 3481 571 3545 quim
581 3484 662 3534 codex
710 3491 760 3534 ret.
773 3481 992 3546 sembtojouice.
1009 3481 1187 3547 Vulgarum.

145 3542 268 3608 optimos.
286 3542 360 3594 Voss.
370 3545 467 3596 ιονιιι.
476 3561 559 3611 usque
568 3555 662 3598 temere
746 3549 827 3612 opero
854 3546 997 3608 (mentm
1024 3556 1051 3596 et
1076 3547 1231 3598 munitiones

145 3608 201 3661 fleri
213 3606 306 3674 potuit,
320 3619 348 3660 nt
363 3613 532 3662 tammultss
565 3607 676 3664 loribur'
710 3610 998 3674 cenrienierercitus)
1088 3620 1123 3664 to.
1139 3613 1177 3662 Μ.

146 3674 326 3724 omitterentur.
358 3675 393 3725 Et
410 3685 447 3726 ert
464 3629 566 3740 aliquid
580 3685 662 3728 teoto-
745 3679 793 3742 Spe
818 3677 922 3742 praedoe.
963 3677 984 3725 C
1018 3678 1044 3726 d.
1070 3677 1173 3740 quidam
1204 3693 1231 3730 rr

144 3738 220 3803 logie
241 3739 268 3788 in
290 3738 340 3800 bis,
356 3744 433 3790 ricino
452 3745 581 3805 repertura
598 3760 662 3793 oom-
707 3741 996 3808 prolocutionum.
1016 3741 1229 3794 sustulistis.

134 3806 565 3870 ίηιοιί,οιίιιοριιιιιιοιιιιιὶοιιιιὸιιιί.
577 3805 663 3858 Etiam
712 3812 769 3858 438.
788 3813 814 3858 et
831 3803 897 3855 Oud.
914 3807 1065 3874 arbitrantur
1077 3809 1127 3874 leg.
1146 3824 1172 3860 se
1187 3824 1230 3878 spe

146 3869 282 3934 direptione
294 3874 438 3932 perrosum
448 3872 590 3922 necessario
604 3873 631 3921 h.
643 3872 663 3924 l.
708 3873 812 3938 proedae.
1224 3925 1225 3933 ,

145 3933 203 3994 erit,
214 3945 282 3982 meur
292 3932 445 3998 direptionis
455 3935 601 3987 inminentis
609 3953 665 4004 per·
748 3937 899 3987 nonssuuo
917 3937 1000 3998 doctis,
1018 3937 1141 3991 fecundis.
1172 3937 1231 3990 Vot-

146 3997 257 4048 renisus.
295 3997 343 4049 Est
370 3998 448 4063 igitur
474 4001 606 4064 incertum,
630 4017 664 4053 ιιι
711 4006 772 4052 rim.
810 4003 844 4055 Et
864 4001 954 4066 quidni
975 4003 1061 4067 ulique
1087 4003 1230 4056 Graecorum

145 4063 223 4114 verbe
240 4063 305 4123 hnc,
323 4071 349 4112 et
361 4063 466 4129 quidem
475 4066 561 4120 omnin
571 4083 602 4119 ac
613 4065 664 4120 rin·
712 4067 843 4117 literarum
852 4067 989 4118 adsuetudo
1008 4067 1087 4129 (med
1102 4070 1231 4132 l,29)ees
1298 4099 1304 4114 .

133 4127 401 4196 'gulmcaescrbslnt
416 4130 456 4182 Μ.
712 4131 836 4250 Ιιιιιιὲιιιιι
851 4134 1136 4248 qppqup'expoliuerit?
1174 4133 1232 4192 Cic.

714 4213 763 4262 pro
799 4211 863 4248 seco
906 4233 914 4248 .
962 4233 971 4248 .
