2909 4809
384 441 387 446 Ι
433 313 520 402 urit.
545 313 591 401 11.-
636 319 740 401 cnr.
763 315 860 401 e-t.
1121 315 1189 408 itt

95 521 318 590 labomhtsbut
345 523 588 590 succurrebant.
635 522 754 610 Neque
776 527 854 590 iero
879 523 1040 596 con‘uircti
1067 523 1190 598 Albie'is

95 611 271 677 comminus
299 608 475 699 pugnaudo
499 607 711 685 deficiebant3
742 628 847 698 neque
871 548 1011 678 muitum
1032 605 1190 685 cedebant

96 695 220 762 virtute
234 698 370 764 nostris:
392 696 487 762 simul
505 716 545 761 ex
564 696 742 763 minoribus
764 698 898 764 navibus
919 699 1035 786 magna
1049 697 1098 767 vis
1113 699 1190 770 emis

97 807 154 851 nus
165 784 260 850 missa
272 782 412 850 telorum
423 785 529 849 multa
541 783 657 852 uostris
672 784 728 870 [de
739 785 926 874 improviso]
941 782 1191 873 inprudentibus

96 880 194 960 atque
220 870 372 960 inpeditis
401 870 537 936 vulnere
561 870 769 936 inferebant:
809 873 957 962 conspice
1022 894 1064 937 ue
1093 879 1189 942 nares

97 959 244 1025 triremes
257 957 332 1024 dtsoe
350 980 463 1023 navem
480 957 523 1023 D.
542 957 651 1033 Bruti,
674 980 748 1044 quse
761 978 801 1024 ex
816 958 930 1048 insigni
946 957 1038 1023 facie
1061 957 1189 1050 agnosci

99 1057 240 1134 poterat,
255 1043 384 1110 duabus
400 1069 440 1110 ex
455 1045 603 1134 partibus
626 1067 693 1109 sese
716 1045 750 1109 in
775 1067 847 1110 eam
872 1045 1105 1120 incitaverantz
1135 1043 1191 1118 sed

100 1146 239 1206 tantum,
260 1154 297 1198 re
312 1131 454 1220 provisa,
482 1131 605 1197 Brutus
631 1131 797 1198 celeritate
825 1133 913 1202 neris
937 1132 1041 1198 enisus
1067 1143 1127 1208 est,
1152 1125 1191 1198 ui

98 1241 200 1322 parvo
225 1233 387 1285 momento
415 1218 632 1284 antecederet.
683 1217 753 1284 lllse
778 1216 860 1287 adeo
885 1220 1029 1307 graviter
1051 1217 1137 1286 inter
1157 1243 1190 1288 se

99 1306 237 1374 incitatae
249 1305 476 1380 conflixerunt,
493 1305 809 1372 utvehemeutissime
824 1317 971 1394 utraeque
981 1328 1022 1371 ex
1035 1311 1194 1374 concursu

100 1393 304 1467 laborarem
326 1393 429 1460 altera
447 1415 526 1458 vero
539 1391 712 1482 praefracto
733 1403 839 1459 rostro
862 1403 932 1460 tota
949 1391 1192 1462 conlabefieret.

102 1481 176 1556 Qua
190 1499 226 1545 re
237 1481 377 1545 smmum
391 1477 535 1555 adversa,
573 1499 623 1543 ute
640 1480 792 1568 proximae
807 1479 835 1544 ei
849 1479 920 1546 loco
931 1501 973 1543 ex
987 1478 1083 1544 Bruti
1097 1479 1194 1549 classe

100 1589 195 1632 naves
217 1576 322 1642 eraut,
353 1567 386 1632 in
409 1567 515 1631 essin
581 1566 641 1631 itas
665 1566 813 1657 inpetum
837 1567 961 1634 iaciunt
982 1565 1195 1657 celeriterque

101 1654 210 1719 ambus
224 1653 420 1743 deprimunt.
481 1678 486 1686 ·

143 1741 175 1804 7.
200 1739 266 1805 Sed
283 1740 463 1806 Nasidianae
489 1761 585 1806 suaves
610 1737 701 1803 nullo
725 1738 796 1803 usui
823 1738 958 1804 fuemut
984 1735 1195 1828 celeriterque

103 1849 213 1916 pugna
232 1838 454 1893 excesseruntt
488 1847 551 1892 non
570 1825 654 1890 enim
669 1823 725 1888 has
739 1836 797 1891 aut
811 1835 998 1914 compectus
1036 1825 1126 1891 atriae
1139 1822 1199 1916 apt

103 1916 361 2004 propinquorum
383 1927 544 2002 pmcepta
564 1911 605 1976 ad
620 1923 800 1979 extremum
816 1912 891 1978 vitae
948 1909 995 1976 ric
1033 1933 1088 1977 um
1107 1911 1198 1980 adire

103 2002 275 2088 cogebant.
310 1998 428 2089 ltaque
440 2022 481 2066 ex
492 2023 532 2065 eo
544 2021 679 2064 numero
693 1999 825 2067 nauium
839 1934 1122 2064 nullledesidereta
1136 2001 1198 2078 est,

104 2111 144 2153 ex
160 2081 406 2154 Massiliensium
422 2089 520 2152 classe
534 2086 678 2173 quinque
691 2098 768 2150 sunt.
781 2084 952 2174 depressae,
967 2095 1110 2172 quatuor
1123 2107 1199 2176 cap-

107 2186 158 2251 tae,
189 2197 253 2240 uua
279 2197 353 2239 cum
376 2173 559 2240 Nasidianis
578 2171 747 2262 profugit:
783 2195 855 2275 quae
881 2192 990 2241 omnes
1016 2171 1200 2240 citeriorem

108 2261 300 2352 Hispaniam
315 2260 523 2349 petiveruntt
555 2271 592 2326 at
615 2281 656 2326 ex
682 2259 814 2347 reliquis
839 2282 905 2328 uua
929 2259 1091 2348 premisso
1113 2259 1200 2328 utos

105 2347 218 2422 silhnr,
245 2346 341 2436 hujus
361 2347 467 2412 nuncii
489 2345 674 2436 perferendi
702 2346 821 2434 gratia,
858 2367 960 2436 quum
987 2347 1054 2434 jum
1082 2346 1124 2412 ad
1152 2355 1200 2414 'bs

106 2435 283 2525 pinqueret
319 2435 408 2509 urbi,
444 2435 546 2499 omnis
582 2455 647 2498 sese
676 2433 853 2500 multitudo
875 2433 916 2500 ad
946 2450 1123 2524 cognosces
1147 2435 1203 2502 uiu

107 2520 225 2590 effudit
253 2543 302 2596 ac,
339 2544 374 2587 re
408 2521 549 2610 cognita,
571 2531 680 2586 tantus
701 2518 808 2586 luctus
829 2517 970 2608 excepit,
1002 2531 1040 2584 ut
1062 2521 1139 2588 urbe
1153 2523 1202 2607 ‚ab

107 2609 254 2676 hostibus
287 2620 387 2695 capta
427 2607 538 2674 eodem
572 2607 711 2694 vestigio
746 2606 925 2673 videretur.
994 2605 1206 2676 Massilienses

110 2709 217 2762 tamen
231 2692 329 2760 nihilo
344 2695 473 2782 sequius
487 2693 529 2760 ad
544 2693 756 2759 defensionem
776 2694 865 2759 urbis
893 2691 1021 2781 reliqua
1046 2691 1204 2782 adparere

111 2807 161 2850 coe
204 2793 293 2848 runt.
344 2826 358 2842 .
1041 2787 1045 2795 '
1197 2815 1206 2830 ι

178 2915 187 2931 .
212 2868 272 2933 Est
290 2866 548 2934 animadversum
560 2866 605 2932 eb
619 2863 813 2954 legionariis,
827 2865 883 2952 qui
898 2865 1063 2932 dexteram
1078 2873 1206 2956 partem

113 2955 221 3047 operis
256 2951 534 3029 administrabant,
571 2977 611 3020 ex
643 2951 765 3024 crebris
800 2950 938 3020 hostium
971 2952 1208 3043 eruptionibus,

115 3063 231 3128 magno
242 3039 303 3106 sibi
316 3065 383 3106 eme
395 3039 542 3130 praesidio
558 3064 662 3130 posse,
683 3039 708 3106 si
727 3063 789 3129 pro
804 3039 988 3107 castelloac
1002 3063 1075 3108 rece
1101 3041 1210 3110 tactile

115 3129 232 3194 turrim
252 3151 293 3194 ex
315 3126 417 3192 latere
432 3128 493 3192 sub
507 3149 603 3194 muro
626 3126 785 3203 fecissent,
800 3128 1017 3217 quamprimo
1095 3149 1210 3217 repen·

152 3298 307 3364 Iafsretosr.
336 3298 404 3349 Bene
415 3299 463 3360 sic,
477 3307 506 3349 ut
522 3296 552 3347 G.
562 3302 586 3358 t,
601 3299 640 3347 17.
723 3297 973 3361 summouentem.
994 3293 1141 3348 Haecvesba
1153 3311 1211 3362 per-

119 3365 252 3416 mendo
261 3390 295 3401 -
304 3373 476 3415 conveneram.
500 3363 562 3412 vid.
573 3369 598 3411 et
606 3361 640 3410 tt.
691 3378 776 3426 perum
789 3370 907 3426 suspecta
918 3371 976 3412 aunt
987 3361 1103 3414 Davisiu.

120 3434 143 3477 6.
155 3438 182 3481 et
192 3428 250 3478 Lis.
262 3433 287 3489 2,
298 3437 322 3479 ⁵.
335 3429 395 3478 item
405 3430 483 3479 Grou.
495 3427 592 3477 adLiv.
600 3429 640 3486 86,
725 3429 839 3492 Sequens.
858 3427 898 3476 ΑΙ.
909 3430 993 3488 usias,
1003 3429 1073 3492 quod
1084 3435 1123 3478 est
1132 3425 1210 3478 idem.

123 3499 160 3544 16.
180 3495 238 3544 Non
250 3509 310 3558 ergo
322 3510 396 3558 opus,
406 3510 465 3543 cum
479 3493 641 3543 Hotomanus
690 3491 732 3543 ΑΙ.
742 3495 850 3556 sequias,
863 3507 913 3542 non
924 3493 1001 3543 mele.
1021 3494 1059 3543 Μ.

121 3560 356 3625 legeremoqaees'.
726 3557 986 3609 suscessorem
994 3583 1036 3607 -.
1065 3555 1122 3608 lloc
1133 3565 1213 3623 caput
1244 3595 1248 3600 -

117 3633 121 3638 ’
155 3627 257 3689 [κείρω
273 3622 398 3674 Praetorius
415 3623 488 3673 navis
503 3621 644 3673 luitvexil·
692 3637 750 3672 cum
767 3636 834 3671 nouo
853 3620 1106 3687 inFrsuecgallicum
1118 3637 1212 3674 aermo-

121 3689 174 3739 lum
196 3704 363 3753 purpureum,
383 3689 506 3745 interdum
530 3697 556 3738 et
573 3687 642 3738 aliud
692 3702 751 3736 uem
760 3685 888 3737 transtulit
896 3695 923 3736 et
935 3686 1214 3738 illustravitGuisclsas·

122 3753 194 3818 quid.
206 3752 283 3803 conl.
294 3752 415 3804 Selenes.
426 3753 541 3803 demitis.
551 3768 610 3803 ner.
618 3769 644 3817 p.
693 3753 740 3802 dus
751 3751 777 3800 in
788 3749 928 3802 Memoires
942 3751 1060 3817 critiques
1076 3759 1101 3802 et
1111 3749 1215 3802 histori-

125 3820 179 3866 175.
193 3820 231 3868 M.
257 3816 329 3867 Male
340 3818 382 3867 hic
402 3817 447 3868 elii
463 3821 551 3882 estqui
561 3818 603 3868 vel
614 3833 646 3866 es
691 3834 755 3880 ques
765 3817 796 3866 T.
808 3821 832 3867 4.
845 3832 870 3881 p.
885 3819 941 3875 104,
960 3833 1018 3867 cum
1034 3818 1086 3882 jam
1102 3817 1213 3868 antesin

123 3886 204 3949 myrto.
225 3882 325 3932 Iocum
336 3883 479 3932 emendavit
490 3882 608 3933 Fa'e'ruua.
694 3881 969 3932 Memoiresmilirsires
979 3881 1012 3932 T.
1022 3887 1047 3930 2.
1058 3897 1084 3945 p.
1091 3885 1133 3931 ⁵8.
1140 3897 1214 3934 eust·

162 3948 282 4008 Tenum,
296 3965 325 3998 rs
338 3952 447 4014 muta.
474 3949 647 4000 nltimam
694 3947 754 3996 dem
766 3948 850 3997 locum
864 3955 1003 4009 tractasset,
1023 3955 1051 3998 et
1067 3946 1155 3998 tabula
1171 3949 1215 4000 stri

122 4017 231 4078 pomo.
696 4011 778 4062 incisa
799 4013 955 4062 illustrasset.
980 4013 1019 4064 M.
1050 4011 1090 4062 Eo
1112 4013 1215 4066 nominc

160 4078 393 4141 Praefractorostro.
416 4078 458 4128 Sic
476 4080 550 4130 codd.
564 4077 647 4142 Vulgo
696 4075 770 4127 illum
779 4075 939 4141 reprehendit
947 4077 1067 4130 to-looz
1076 4075 1217 4132 inber-sss

123 4142 255 4208 perfracto.
279 4140 363 4192 Vossii
374 4145 432 4193 cod.
441 4153 579 4210 prerupto.
697 4143 731 4192 du
742 4141 877 4192 Chevelier
886 4143 987 4193 Falard.
999 4159 1026 4207 p.
1038 4146 1079 4192 st.

162 4209 280 4259 Animam
289 4210 401 4258 memo.
414 4208 481 4258 Oud.
491 4226 505 4259 e
514 4210 574 4260 cod.
587 4207 650 4260 vm-
736 4207 839 4258 Turrim
847 4207 1061 4268 estarmmurrim
1072 4207 1217 4262 betisias.

130 4273 360 4336 pomaerium.
701 4273 740 4322 Μ.
756 4273 839 4324 Bentl.
850 4273 919 4324 addit
929 4276 1065 4326 etatum.

165 4340 317 4404 emm.
339 4336 537 4405 nltimam.
