2909 4809
403 222 490 327 uta.
515 232 611 362 vin.
656 258 759 327 ose.
782 234 923 329 25-‘2'a
1137 257 1200 329 an

150 440 205 512 27.
230 442 352 536 Eodem
366 446 514 535 tempore
534 448 575 513 O.
593 444 724 524 Fabius,
750 442 903 536 lsgaius,
927 444 1111 539 complures
1124 450 1201 516 civi-

109 541 194 597 tates
205 531 239 597 in
253 530 352 597 fidem
366 532 495 622 recipit,
509 532 674 600 obsidibus
682 532 802 609 firmat,
815 534 997 624 litterisque
1014 536 1054 601 C.
1071 536 1201 603 Caninii

110 616 221 684 Rebili
248 616 289 682 fit
315 618 447 693 certior,
476 638 549 717 quse
576 617 610 682 in
638 616 826 684 Pictonibus
876 632 1021 688 erantur.
1074 625 1202 701 Quibus

108 704 208 769 rebus
222 703 371 790 cognitis,
389 702 606 792 proficiscitur
617 703 659 770 ad
680 702 836 768 auxilium
894 710 1002 775 uratio
1020 708 1201 777 ferendum.

110 791 159 854 At
179 790 381 865 Dumnacus,
395 789 538 855 adventu
554 788 648 855 Fabii
671 789 816 880 cognito,
843 790 1013 881 desperata
1031 794 1153 875 salute,
1178 792 1205 861 si

106 874 223 941 eodem
258 888 403 964 tempore
432 887 562 942 coactus
597 881 680 941 esset
712 888 747 941 et
778 875 1002 958 Romanorum
1032 880 1204 949 externum

107 962 268 1028 sustinere
282 960 404 1028 hostem
419 973 454 1027 et
467 963 627 1053 respicere
654 985 692 1027 ac
715 962 828 1029 timere
853 962 1046 1053 oppidanos,
1069 982 1205 1059 repente

109 1072 149 1115 eo
163 1072 206 1114 ex
220 1049 292 1115 loco
306 1070 381 1113 oum
395 1049 495 1138 copiis
515 1048 638 1115 recedit
651 1070 660 1113 z
684 1070 741 1115 nec
763 1072 795 1114 se
814 1050 891 1115 satis
907 1062 1017 1117 tutum
1036 1050 1106 1119 fore
1120 1055 1206 1137 arbi-

109 1147 235 1212 tratur,
249 1134 309 1201 nisi
329 1134 445 1201 flumen
462 1134 617 1224 Ligerim,
631 1136 720 1224 quod
734 1146 805 1201 erat
815 1138 919 1225 'ponte
934 1160 996 1226 pro
1020 1149 1070 1204 ter
1085 1143 1208 1229 magui·

109 1222 257 1287 tudinem
284 1221 526 1298 transeundum,
556 1223 664 1312 copias
689 1222 935 1289 transduxisset.
993 1162 1125 1305 Fabius,
1146 1227 1207 1294 etsi

109 1307 255 1374 nondum
276 1308 309 1374 in
339 1320 544 1397 conspectum
579 1320 713 1375 venerat
748 1308 907 1387 hostibus,
937 1331 1043 1401 neque
1068 1336 1101 1379 se
1134 1338 1208 1381 cum

112 1394 254 1460 Caninio
288 1395 513 1485 conjunxerat,
549 1399 657 1462 mme'n
686 1394 800 1463 doctus
827 1395 946 1473 abiis,
977 1398 1035 1486 qui
1061 1398 1211 1467 locorum

110 1492 269 1547 noverant
291 1495 454 1558 naturam,
479 1481 683 1571 potissimum
705 1479 861 1559 credidit,
883 1482 990 1550 hostes
1017 1488 1210 1573 perterritos

110 1590 187 1633 eum
199 1559 322 1645 locum,
337 1591 435 1658 quem
449 1568 595 1657 petebat,
616 1572 790 1659 petituros.
836 1566 952 1658 Itaque
962 1592 1037 1635 cum
1051 1573 1152 1662 copiis
1166 1572 1210 1639 ad

112 1652 261 1721 eumdem
275 1668 409 1744 pontem
422 1655 601 1732 contendit,
616 1656 863 1744 equitatumque
878 1666 1007 1723 tantum
1032 1660 1211 1747 procedere

113 1752 191 1806 ante
204 1736 322 1830 a'gmen
335 1742 474 1831 imperat
488 1742 665 1831 legionum,
691 1755 850 1830 quantum
870 1766 974 1832 quum
995 1746 1214 1832 processisset,

111 1828 181 1893 sine
205 1827 440 1917 defatigatione
465 1852 626 1916 equorum
650 1830 684 1894 iu
711 1828 823 1895 eadem
849 1853 882 1895 se
909 1829 1070 1919 reciperet
1093 1843 1212 1898 castra.

114 1914 373 2004 consequuntur
398 1916 524 2019 equites
549 1915 665 1993 nostri,
704 1927 744 1980 ut
773 1926 844 1981 erat
875 1928 1089 2005 praeceptum,
1123 1919 1214 1984 inva-

114 2000 265 2088 duntque
279 2003 440 2070 Dumnaci
455 2024 571 2091 agmen
598 2015 645 2080 et,
674 2001 836 2091 fugientes
865 2003 1122 2092 perterritosque
1151 2006 1212 2071 sub

114 2088 247 2153 sarcinis
260 2088 295 2153 iu
309 2089 424 2155 itinere
438 2089 479 2154 ad
521 2090 592 2166 essi,
608 2110 726 2175 magna
744 2086 867 2177 praeda,
892 2089 1004 2155 multis
1024 2090 1215 2166 interiectis,

116 2176 300 2261 potiuntur.
341 2174 411 2251 lta,
425 2198 461 2241 re
517 2198 557 2241 ne
571 2188 675 2265 gesta,
691 2198 725 2241 se
736 2175 899 2264 recipiunt
910 2176 943 2241 iu
955 2188 1070 2242 castra.

158 2261 214 2325 28.
239 2260 426 2349 insequenti
440 2274 534 2329 nocte
544 2262 666 2329 Fabius
678 2261 803 2350 equites
817 2262 1000 2351 praemittit,
1016 2262 1060 2329 slc
1073 2274 1219 2353 paratos,

117 2358 156 2412 ut
169 2346 385 2437 confligerent
397 2361 432 2414 ut
456 2372 498 2414 ue
512 2372 606 2415 omne
626 2372 744 2439 agmen
765 2361 983 2427 morarentur,
1010 2350 1089 2416 dum
1105 2369 1219 2417 ‘conse-

116 2445 276 2584 queretur
299 2436 379 2523 ipse.
425 2372 529 2523 gajus
544 2435 717 2538 preceptis
739 2446 778 2499 ut
794 2458 845 2501 res
860 2446 1043 2525 gereretur,
1059 2436 1219 2512 sttius

150 2542 239 2596 arus,
257 2520 433 2587 Praelectns
446 2521 607 2609 equitum,
632 2521 803 2613 singularis
826 2534 861 2589 et
878 2521 975 2588 animi
990 2534 1024 2588 et
1037 2523 1219 2612 prudentie

119 2607 181 2682 vir,
208 2618 293 2672 suos'
309 2606 473 2685 hortatur,
500 2629 679 2699 agmenque
707 2607 847 2674 hostiurn
871 2614 1076 2685 consecutus,¹
1093 2622 1219 2673 turmas

118 2692 241 2782 partim
261 2693 384 2760 idoneis
398 2695 476 2761 locis
488 2696 641 2784 disponit,
657 2696 780 2784 partim
802 2695 950 2784 equitum
965 2694 1119 2784 proelium
1134 2716 1219 2759 com-

119 2779 232 2844 mittit.
279 2780 436 2846 Consistit
457 2782 611 2847 audacius
630 2782 794 2874 equitatus
808 2780 961 2856 hostium,
976 2779 1221 2847 succedentibus
1313 2844 1318 2863 ,

119 2864 368 2953 sibipeditibns,
381 2867 452 2953 qui,
474 2880 546 2935 toto
565 2869 692 2956 agmine
717 2867 941 2943 subsistentes,
969 2866 1134 2955 equitibus
1157 2868 1223 2932 suis
1317 2930 1324 2947 ,

120 2964 235 3017 contra
269 2958 396 3019 nostros
424 2952 535 3019 ferunt
565 2954 732 3019 auxilium.
794 2952 849 3027 Fit
875 2952 1027 3041 proelium
1056 2953 1122 3019 acri
1154 2976 1223 3019 cer-

121 3037 263 3103 tamine:
287 3058 424 3126 namque
446 3039 558 3113 nostri,
583 3038 752 3104 contemtis
768 3038 875 3127 pridie
890 3054 928 3103 sn
972 3040 1050 3105 ratis
1064 3038 1225 3115 hostibus,

122 3148 225 3212 quum
241 3123 393 3211 subsequi
408 3124 549 3214 legiones
562 3124 788 3202 meminissent,
808 3137 842 3190 et
865 3147 910 3213 pu
935 3148 992 3192 ore
1019 3124 1165 3201 cedendi,
1187 3138 1223 3191 et

125 3208 305 3299 cupiditate
320 3234 378 3299 per
393 3234 427 3275 se
441 3209 626 3277 conficiendi
643 3212 764 3299 proelii,
786 3210 956 3277 fortissime
972 3223 1087 3277 contra
1101 3212 1225 3299 pedites

124 3296 363 3385 praeliabantur
376 3320 385 3361 ι
402 3294 586 3386 hostesque,
598 3296 678 3363 nihil
691 3298 831 3387 amplius
841 3321 879 3363 co
903 3298 1008 3363 iarum
1020 3320 1224 3364 accessurum
1257 3342 1258 3349 ι

125 3382 308 3461 credentes,
335 3394 374 3449 ut
395 3380 503 3473 pridie
528 3397 760 3473 cognoverant,
785 3384 857 3451 dele
904 3382 915 3449 i
937 3382 1103 3473 equitatus
1122 3384 1225 3451 nostri

126 3470 215 3535 nacti
228 3470 431 3537 occasionem
445 3469 652 3537 videbantur.

173 3556 229 3623 29.
254 3558 365 3633 Quum
394 3556 593 3645 aliquamdiu
614 3580 738 3625 summa
767 3556 972 3624 contentione
1001 3554 1224 3633 dimicaretur,

171 3783 280 3847 nim,
296 3788 325 3833 ut
336 3782 423 3835 iulide
433 3793 551 3837 maneant
568 3782 656 3835 elficit.
745 3784 797 3835 rra.
807 3782 852 3835 alii
864 3784 964 3847 Itaque.
1153 3809 1157 3819 ·

130 3846 170 3896 Ι.
744 3853 774 3903 Q.
783 3850 852 3899 Atius
860 3849 948 3899 Vana.
960 3846 1002 3899 Sic
1013 3845 1125 3914 Scaliger
1135 3865 1149 3899 e
1161 3862 1224 3899 con·

162 3914 203 3963 Ad
212 3914 349 3965 wiltuna.
361 3913 408 3964 elii
417 3914 452 3965 ud
460 3912 565 3967 auxilia.
697 3912 800 3974 iectura
816 3912 899 3963 Fulvii
911 3910 1007 3963 Ursini.
1026 3910 1079 3964 Alii
1092 3917 1121 3970 Q.
1135 3916 1223 3965 Tatius

164 3978 313 4029 naaman.
331 3976 648 4043 misenensem
694 3986 745 4027 ete.
1175 4001 1178 4009 ·

132 4045 244 4095 nedum·
731 4038 1230 4099 sumnussliimales‘ueuemnss.
1300 4056 1305 4066 “

166 4108 200 4157 Is
218 4113 381 4175 conpertum
400 4108 446 4160 alii
466 4115 495 4161 ia
513 4120 649 4177 conspectu.
733 4110 784 4157 Per
796 4124 822 4159 rs
839 4114 923 4175 confla.
931 4110 1028 4176 pretii.
1047 4109 1100 4161 Alii
1113 4109 1228 4175 premit-

133 4170 302 4247 sideraad
317 4189 341 4222 c.
359 4179 387 4226 8.
405 4184 460 4228 ιιιιιι
479 4192 526 4243 pro
544 4178 653 4231 bonitas
699 4176 867 4231 muscolosus
876 4175 974 4231 invitis
988 4174 1067 4229 codd.
1121 4208 1123 4232 .
1255 4186 1258 4191 ·

134 4237 398 4300 ebibentem.
776 4242 779 4247 “
