2909 4809
259 279 311 342 lo
330 276 351 339 8
605 266 671 342 DE
693 268 846 341 untho
863 272 1090 341 camon.

239 462 390 552 seuquid
405 460 716 535 cmnmnnicandnm,
736 484 792 527 seu
811 459 892 547 quid
906 460 1196 529 administrandum
1210 462 1339 531 videre-

241 564 317 618 tur:
340 574 446 653 neque
459 538 577 613 'ullum
599 550 668 614 fere
695 548 781 613 diem
806 548 1055 625 intermittebat,
1084 550 1165 637 quin
1190 554 1337 651 equestri

242 637 372 727 proelio,
386 634 560 723 interjectis
573 635 760 737 sagittariis,
777 635 858 723 quid
881 634 915 701 in
932 658 1061 725 quoque
1079 648 1162 701 emet
1176 640 1275 704 ammi
1296 662 1336 704 ac

240 726 371 791 virtutis
383 746 529 799 suorum,
544 721 797 811 periclitaretur.
843 722 924 787 Erat
938 747 956 787 e
971 724 1101 811 regione
1112 722 1228 813 oppidi
1243 726 1338 791 collis

239 812 303 877 sub
318 811 395 900 ipsis
417 810 579 875 radicibus
598 809 724 885 montis,
746 808 876 896 egregie
900 810 1042 875 munitus
1064 822 1165 898 atque
1185 834 1226 875 ex
1247 814 1335 878 omni
1382 860 1393 867 -

241 911 338 987 parte
352 896 577 964 circumcisus:
607 896 718 1045 (quem
731 895 756 960 si
771 907 917 961 tenerent
936 896 1049 971 nostri,
1063 909 1097 962 et
1111 921 1204 984 aquae
1218 921 1336 987 aragus

241 998 386 1074 pcrteet
400 982 611 1073 pabulatione
647 982 737 1047 ibera
760 980 957 1069 prohibituri
982 981 1088 1048 hostes
1114 982 1335 1059 videbantur:

240 1070 349 1153 sedis
375 1072 464 1136 locus
487 1068 636 1157 pre-idio
662 1068 706 1133 ab
731 1068 768 1133 iis
789 1090 860 1135 non
888 1068 979 1134 nimis
1007 1068 1099 1135 firmo
1123 1071 1338 1160 tenebatnrt)

241 1169 349 1223 nmen
360 1156 486 1223 silentio
501 1154 603 1221 noctis
617 1156 736 1231 Caes,
759 1178 800 1219 ex
823 1156 934 1221 castris
956 1179 1113 1243 egressus,
1154 1156 1220 1223 rius
1234 1181 1337 1251 quam

239 1242 384 1310 subsidio
402 1268 444 1309 ex
461 1266 482 1307 o
507 1242 586 1343 pido
611 1242 713 1308 veniri
740 1256 858 1330 posset,
884 1241 1010 1331 dejecto
1037 1180 1186 1331 prmidio
1211 1245 1339 1333 potitus

241 1329 327 1406 loco,
363 1331 443 1397 duaa
470 1266 516 1395 ib
545 1328 687 1418 legiones
722 1328 915 1403 conlocavit,
952 1329 1129 1417 fossamque
1167 1330 1334 1419 duplicem

241 1416 428 1484 duodenum
442 1415 565 1506 pedum
577 1440 597 1481 a
611 1416 786 1504 majoribus
800 1416 912 1481 castris
926 1414 968 1481 ed
983 1416 1107 1482 minora
1115 1418 1284 1568 perduxit,
1297 1430 1337 1485 ut

242 1516 318 1570 tuto
341 1505 385 1570 ab
407 1504 578 1594 repentino
597 1502 739 1569 bostium
763 1502 893 1569 incursu
908 1502 1005 1569 etiam
1019 1502 1112 1592 singu
1128 1504 1139 1569 i
1153 1526 1336 1572 commeare

184 1716 188 1723 ·
242 1604 467 1744 ΡΟἓξῗηὶὶιιιῐι
489 1675 556 1743 brec
581 1675 624 1742 ad
646 1676 845 1764 Gergoviam
866 1686 1039 1763 geruntur,
1067 1677 1337 1745 Convictolitanis

243 1762 384 1847 AEduus,
406 1764 461 1831 cni
484 1763 708 1852 magistratum
722 1761 979 1851 adjudicatume
996 1764 1121 1829 Caesare
1135 1762 1336 1832 demonstra-

242 1852 358 1929 vimus,
386 1851 578 1919 sollicitatus
603 1850 647 1915 ab
673 1849 831 1916 Arvernis
864 1850 1011 1937 pecunia,
1041 1874 1115 1915 cum
1140 1851 1335 1937 quibusdam

240 1937 499 2005 adolescentibus
519 1936 740 2024 conloquitur,
762 1960 901 2026 quorum
916 1948 987 2001 erat
1001 1938 1155 2025 princeps
1170 1936 1336 2005 Litavicus

241 2037 342 2114 atque
353 2026 423 2114 ejus
437 2026 565 2101 iratres,
577 2023 772 2113 amplissima
786 2022 908 2089 familia
920 2024 985 2089 nati
998 2022 1225 2089 adolescentes.
1250 2026 1336 2091 Cum

241 2110 281 2176 iis
305 2113 474 2203 premium
500 2111 714 2177 communicat
739 2109 967 2197 hortaturque,
998 2121 1020 2150 “
1038 2124 1075 2175 ut
1097 2134 1131 2176 se
1151 2109 1275 2177 liberos
1301 2128 1337 2179 et

243 2208 266 2238 ‘⁶
281 2199 418 2287 imperio
431 2211 523 2263 natos
535 2198 739 2262 meminerint
752 2220 759 2259 :
779 2217 874 2261 unam
886 2220 952 2261 esse
964 2196 1146 2263 AEduorum
1157 2197 1336 2275 civitatem,

242 2293 266 2325 ⁴⁴
281 2308 356 2374 quse
367 2276 575 2349 certissimam
590 2282 706 2348 Gallias
718 2282 888 2349 victoriam
910 2283 1061 2349 distineat
1074 2306 1082 2358 ;
1105 2284 1174 2370 ejus
1195 2286 1338 2353 auctori-

243 2381 266 2411 “
282 2384 353 2437 tate
367 2370 507 2457 reliquas
518 2369 695 2443 contineri;
718 2392 784 2457 qua
799 2368 997 2446 transducta,
1021 2370 1128 2436 locum
1145 2371 1338 2439 consistendi

243 2468 266 2498 ‘⁶
284 2456 438 2523 Romanis
452 2457 485 2521 in
502 2455 610 2521 Gallia
625 2478 688 2521 non
700 2457 787 2521 fore:
805 2478 870 2520 esse
880 2458 1034 2522 nonnullo
1045 2482 1078 2521 se
1092 2458 1226 2523 Caesaris
1241 2460 1337 2525 bene-

237 2555 266 2635 ,⁶⁴
281 2542 355 2609 ficio
368 2542 545 2619 adfectum,
558 2544 603 2607 sic
616 2556 737 2619 tamen,
752 2556 791 2607 ut
801 2543 1101 2649 justissimemapud
1111 2566 1185 2609 eum
1194 2568 1337 2613 cauum

242 2641 266 2673 “
282 2630 487 2704 obtinuerit;
520 2628 576 2694 sed
602 2629 677 2732 plus
705 2630 864 2695 communi
895 2630 1040 2695 libertati
1070 2631 1240 2697 tribuere:
1276 2656 1337 2700 cur

241 2730 266 2761 ‘⁴
282 2718 367 2785 enim
382 2718 492 2807 potius
513 2716 612 2796 AEdur
626 2716 667 2782 de
687 2741 746 2782 auo
757 2718 830 2805 jure
854 2729 888 2781 et
908 2716 948 2781 de
970 2716 1096 2805 legibus
1115 2718 1156 2783 ad
1177 2718 1337 2785 Caesarem

241 2818 265 2849 “
280 2805 542 2892 disceptatorem,
557 2827 656 2891 quam
672 2803 811 2870 Romani
825 2802 866 2869 ad
882 2802 1016 2878 AEduos,
1033 2804 1162 2869 veniant
1175 2806 1207 2867 ?'’
1244 2808 1338 2873 Cele-

240 2893 324 2959 riter
360 2891 618 2957 adolescentibus
649 2902 685 2957 et
718 2891 865 2956 oratione
899 2892 1105 2978 magistratus
1134 2904 1167 2956 et
1204 2895 1338 2981 praemio

279 3132 476 3183 vastamur.
509 3131 586 3181 Plane
604 3128 641 3177 sic
667 3133 724 3177 28.
742 3138 767 3176 et
816 3128 915 3178 tertiam
928 3144 958 3177 er
971 3144 1124 3177 snomuseo.
1142 3127 1290 3193 Epigraphe
1301 3130 1338 3181 ibi

244 3199 285 3248 nl.
297 3213 322 3247 c.
338 3200 377 3245 13.
388 3196 495 3258 nitergo
506 3194 664 3244 correctione
677 3208 752 3256 opus.
816 3194 926 3243 occurrit
948 3206 1025 3254 atre,
1046 3194 1085 3243 vel
1111 3206 1218 3243 stravi.
1263 3194 1339 3253 Quod

279 3263 438 3314 prohibituri.
453 3261 519 3310 Cod.
529 3260 734 3323 neemanim.
817 3274 882 3323 pone
894 3268 970 3323 caput
980 3258 1136 3323 conspicitur
1145 3275 1159 3307 c
1168 3267 1237 3309 notat
1256 3262 1339 3311 Cabil-

278 3330 339 3379 Non
354 3330 431 3377 nmis
446 3330 532 3389 fisano.
563 3327 687 3375 Cantetur
708 3324 767 3373 Ver.
815 3326 910 3373 tonum.
945 3324 1044 3373 Priores
1070 3324 1120 3373 duo
1148 3338 1240 3374 numos
1268 3325 1340 3375 offert

244 3392 354 3452 lectt,
370 3396 411 3441 98.
426 3407 478 3441 aon
495 3394 580 3441 ιιιὺιιιε
593 3392 677 3452 firmo.
688 3398 714 3438 et
731 3388 767 3437 sic
817 3389 894 3437 etiarn
912 3389 1019 3438 Peilerin
1041 3389 1106 3437 Rsc.
1127 3392 1148 3439 1.
1161 3388 1213 3438 tab.
1227 3394 1252 3444 5,
1268 3397 1295 3449 5,
1313 3404 1338 3440 er

244 3458 350 3507 exbibet
361 3458 418 3507 cod.
429 3454 767 3518 Nervicsedprmstatvulg.
811 3455 882 3517 ¹Rec.
902 3460 925 3512 a,
943 3454 995 3502 tab.
1019 3458 1073 3516 itt,
1092 3456 1114 3501 6.
1147 3454 1176 3503 ln
1198 3455 1338 3517 posteriore

247 3520 343 3571 Veram
351 3522 420 3585 quod
428 3520 703 3583 moxsequitnrtcsnen
712 3536 769 3569 mu·
816 3529 902 3569 autem
919 3520 1075 3582 epigraphen
1096 3532 1182 3567 ιιτιιι
1204 3532 1337 3583 perperam

148 3590 153 3598 ’
245 3589 348 3637 undum
368 3596 407 3636 est
430 3586 455 3635 iu
473 3595 538 3641 tusa,
558 3594 642 3633 utcst
661 3584 686 3633 in
706 3583 769 3633 edit.
817 3582 842 3632 in
863 3596 950 3632 arran
970 3586 1162 3633 convertendam
1173 3584 1337 3635 statuitetde

246 3652 317 3702 nob.
331 3651 463 3715 Stephani.
482 3651 587 3699 liotom.
611 3648 673 3697 satis
693 3658 769 3697 acute
818 3648 983 3711 Litanam-ipa
1000 3649 1124 3719 explicat,
1146 3649 1217 3713 cujus
1238 3650 1337 3700 mentio

245 3718 339 3767 ‹hbsta
355 3718 492 3767 soom
504 3718 580 3779 ,timo
596 3723 683 3763 tames
703 3723 769 3762 tene·
818 3712 843 3761 in
856 3712 911 3761 itin.
924 3714 1055 3763 Antonini.

243 3783 328 3833 ὅσων.
344 3780 497 3831 Omisauma
507 3777 610 3828 librario
619 3778 767 3828 adverbium
851 3780 988 3828 Praemium
999 3783 1173 3837 emerenda,
1191 3778 1338 3841 pecuniam,

245 3846 305 3897 loco
315 3858 412 3897 motum
422 3844 504 3895 videri
518 3853 610 3908 potest.
817 3858 867 3903 qus
879 3842 1030 3893 sollicitatus
1048 3842 1136 3893 fuerat.
1150 3845 1340 3909 Hotomanus.

278 3913 468 3979 Adjads'satqm.
479 3910 525 3958 aiii
535 3910 709 3972 odaiprsatum.
819 3906 903 3957 Altera
914 3908 990 3957 lectio
1003 3912 1123 3971 puniam,
1141 3924 1198 3971 quas
1215 3909 1294 3959 etism
1311 3910 1336 3959 in

280 3979 522 4027 Demonstravimus.
538 3990 597 4036 cap.
610 3979 653 4023 33.
675 3970 769 4021 Deliis
819 3972 944 4036 riretaphr.
961 3972 1338 4030 Grec.occurrit,nihilcst.li1.

246 4042 388 4092 Macrum
399 4039 578 4090 molitionibus
589 4038 624 4088 ct.
635 4038 687 4087 Dio
697 4036 768 4087 (lasa.
852 4040 984 4087 Dtrtineot.
1001 4038 1042 4087 ΑΙ.
1058 4040 1177 4089 detineat.
1193 4036 1210 4089 i.
1222 4054 1247 4087 e.
1257 4056 1340 4089 ruore·

246 4110 290 4164 40,
300 4107 342 4154 87.
359 4106 397 4154 Μ.
818 4109 865 4152 tur.
878 4104 920 4149 sed
931 4118 956 4149 v.
966 4102 1020 4151 lnd.

280 4172 416 4220 bitoricas.
434 4170 533 4219 Numae
543 4170 597 4233 ejus
606 4169 657 4217 duo
667 4182 769 4217 erauro
854 4168 1056 4230 Disreptatcrem.
1075 4164 1137 4217 Aliae
1149 4166 1281 4229 lectiones,
1290 4168 1341 4217 dis-

266 4237 343 4286 roten
359 4236 507 4285 Bouteroue
522 4237 568 4285 des
581 4233 724 4295 *Monaeses
740 4234 772 4281 de
820 4238 951 4295 captaturi,
969 4226 1140 4297 disceptatum,
1159 4244 1218 4297 aunt
1236 4248 1342 4302 corrup·

267 4316 342 4351 rauce
354 4317 381 4364 p.
397 4302 439 4348 48.
462 4299 773 4348 Exliibeteosetssaser-
820 4296 902 4346 tiones
912 4313 976 4345 verra
987 4296 1112 4347 lectionis.
1129 4299 1166 4351 M.
1243 4296 1247 4304 '
1316 4309 1322 4319 ·

227 4374 334 4433 'campa
353 4366 387 4415 ad
410 4362 529 4419 orosium
548 4368 574 4425 s,
596 4366 634 4415 11.
651 4362 772 4427 additque
855 4362 1139 4435 Οιιιιὶιιιιι.ιιΙηιιιιῗιιιιε.Ι
1164 4360 1167 4366 “
