2909 4809
205 411 208 424 .
235 327 300 396 488
400 327 442 394 A.
468 323 619 394 HIRTII
644 325 707 394 DE
732 322 882 394 BELLO
907 324 1163 394 AFRICANO.

163 431 177 466 l

242 515 446 593 adveniente,
460 515 626 606 oppidani,
647 539 749 605 usque
763 539 802 584 eo
816 515 898 604 passi
914 515 1050 606 propius
1062 515 1226 590 accedere,
1242 513 1354 582 donec

243 603 286 670 ad
300 603 385 693 ipsas
398 616 510 692 portas
523 625 561 670 ac
581 627 710 670 murum
732 603 1023 755 adpropinquaret,
1045 603 1153 670 subito
1174 603 1355 691 eruptione

243 691 342 766 facta,
364 704 544 779 prostratos
569 691 823 779 perterritosque
869 690 1052 780 ompeianos
1073 690 1106 756 in
1120 713 1208 755 mare
1231 689 1353 778 puina

241 797 405 864 navesque
427 801 499 844 com
523 776 667 844 ulerunt.
712 777 765 843 Ita
788 801 823 843 re
843 777 926 844 male
952 790 1054 866 gesta,
1079 778 1140 843 Cn.
1174 773 1355 865 Pompeius

243 863 330 930 filius
343 886 441 932 naves
453 865 486 930 in
508 889 527 930 e
541 865 674 941 avertit,
688 887 793 952 neque
805 876 917 954 postea
931 862 1007 930 litus
1020 863 1139 954 adtigit
1152 863 1353 952 cbasemque

241 949 287 1018 ad
303 951 422 1017 insulas
438 952 588 1018 Baleares
602 975 713 1018 versus
727 951 900 1018 convertit.

287 1037 343 1102 24.
354 1039 477 1126 -Scipio
491 1037 622 1104 interim
635 1061 710 1104 cum
724 1039 764 1104 iis
776 1037 889 1140 copiis,
910 1060 991 1124 quas
1005 1037 1116 1126 paullo
1130 1048 1210 1104 ante
1218 1038 1355 1104 demon-

242 1125 424 1200 stravimus,
441 1125 548 1191 Uticse
561 1125 675 1214 grandi
721 1125 845 1193 raesidro
861 1125 988 1201 relicto,
1011 1125 1189 1214 profectus,
1206 1125 1355 1214 primurn

246 1209 421 1278 Adrumeti
440 1224 546 1278 castra
560 1213 668 1299 ponit:
691 1149 807 1278 ‹ieinde
828 1236 946 1301 paucos
967 1211 1035 1278 dies
1055 1212 1101 1277 ibi
1121 1224 1354 1288 commoratus,

246 1310 345 1364 noctu
359 1297 474 1365 itinere
485 1299 583 1374 facto,
592 1323 666 1364 cum
681 1297 801 1366 Petreii
814 1313 848 1365 et
860 1299 994 1366 Labieni
1008 1299 1107 1387 copiis
1118 1323 1151 1366 se
1162 1299 1353 1388 conjungit:

245 1395 358 1471 atque,
374 1385 445 1450 unis
459 1386 571 1452 castris
584 1385 688 1462 factis,
713 1387 777 1452 tria
795 1387 884 1452 milia
897 1409 1047 1475 passuum
1061 1386 1156 1474 longe
1170 1383 1354 1452 considunt.

247 1470 423 1558 Equitatus
441 1471 570 1538 interim
592 1496 706 1540 eorum
727 1474 849 1540 circum
865 1471 997 1540 Caesaris
1020 1472 1214 1538 munitiones
1238 1495 1259 1538 v
1327 1473 1357 1540 ri

127 1638 132 1646 Ι
246 1569 347 1646 atque
371 1582 435 1638 eos,
460 1559 517 1646 qui
539 1559 718 1647 pabulandi
743 1571 802 1625 aut
822 1559 964 1649 aquandi
990 1560 1097 1649 gratia
1118 1569 1210 1624 extra
1230 1582 1271 1624 va
1298 1583 1355 1624 um

171 1661 181 1689 ⁰
247 1647 409 1734 progressi
424 1660 540 1725 essent,
555 1647 720 1735 excipere3
743 1647 791 1712 ita
804 1671 914 1715 omnes
933 1646 1130 1714 adversarios
1150 1647 1236 1712 intra
1251 1647 1357 1714 muni·

247 1731 351 1800 tiones
375 1735 551 1801 continere.
597 1734 706 1810 Quare
729 1733 904 1800 Caesariani
928 1734 1020 1824 gravi
1042 1755 1168 1800 annona
1191 1745 1357 1800 suntcon-

246 1818 374 1896 flictati,
385 1872 388 1879 .
398 1820 482 1897 ideo,
505 1820 595 1909 quod
609 1820 752 1887 nondum
774 1843 879 1909 neque
901 1820 944 1887 ab
961 1821 1083 1915 Sicilia,
1098 1844 1202 1922 neque
1217 1820 1262 1886 ab
1277 1821 1356 1887 Sar·

245 1903 336 1972 dinia
347 1920 543 1974 commeatus
561 1909 771 1996 subportatus
784 1921 870 1982 erat3
894 1929 999 1994 neque
1014 1930 1075 1995 per
1088 1931 1162 1974 anm
1177 1919 1308 1996 tempus
1322 1909 1356 1974 in

247 1993 332 2060 mari
359 1995 473 2062 classes
495 1994 563 2060 sine
587 1994 733 2084 periculo
756 1995 869 2084 vagari
895 2006 1061 2082 poterant,
1085 2017 1190 2081 neque
1214 1994 1357 2084 amplius

247 2078 338 2147 milia
352 2103 505 2170 pamuum
525 2105 582 2148 sex
597 2095 693 2148 terne
706 2082 828 2148 Africae
851 2104 1109 2170 quoquoversus
1131 2081 1284 2146 tenebant
1299 2105 1356 2170 pa·

247 2166 382 2255 bulique
397 2169 506 2257 inopia
520 2169 761 2257 premebantur.
809 2168 882 2244 Qus
893 2168 1077 2234 necessitate
1090 2167 1193 2234 coacti
1207 2167 1356 2234 veterani

247 2253 367 2319 milites
421 2257 581 2344 uitesque,
592 2255 651 2343 qui
664 2256 769 2321 multa
783 2266 871 2321 terra
884 2255 1031 2342 marique
1044 2253 1133 2322 bella
1146 2254 1356 2320 confecissent

247 2351 282 2404 et
340 2279 450 2407 ricesiiis
464 2341 638 2431 inopiaque
653 2343 711 2408 tali
725 2365 807 2431 saepe
821 2353 923 2408 essent
938 2341 1125 2417 conflictati,
1136 2341 1211 2442 alga
1225 2363 1242 2406 e
1257 2341 1355 2406 litore

246 2449 308 2493 con
321 2440 392 2493 ecta
404 2442 440 2494 et
453 2451 539 2516 aqua
551 2427 641 2496 dulci
655 2430 745 2496 eluta
759 2429 855 2506 etita
869 2429 1023 2517 jumentis
1037 2428 1251 2495 esurientibus
1264 2427 1354 2506 data,

246 2512 346 2579 vitam
360 2537 472 2580 eorum
486 2516 720 2603 producebant.

290 2600 346 2666 25.
371 2603 461 2668 Dum
475 2602 543 2670 brec
557 2601 604 2668 ita
617 2601 743 2680 fierent,
768 2601 839 2668 Rex
853 2603 875 2668 J
878 2603 953 2680 uba,
972 2601 1108 2692 cognitis
1123 2597 1354 2673 (3Μὰἰῇ-

213 2714 221 2720 “
248 2687 427 2755 cultatibus
436 2691 604 2792 copiarum
628 2715 669 2756 ue
680 2689 857 2780 paucitate,
869 2713 932 2756 non
943 2702 992 2754 est
1003 2691 1120 2766 visum,
1129 2687 1204 2772 dari
1214 2690 1353 2776 spatium

249 2775 606 2864 convalescendraugen
690 2777 987 2878 mqueejusopum.
1020 2775 1357 2879 Itaque,comparatis
1387 2829 1394 2848 .

247 2863 397 2949 equitum
410 2863 533 2952 magnis
548 2863 763 2952 peditumque
781 2886 892 2952 copus,
915 2862 1058 2930 subsidio
1078 2887 1142 2928 suis
1156 2885 1355 3016 οὲἐτεεειιεο

249 2947 378 3048 Regno,
393 2949 441 3014 ire
456 2949 633 3018 contendit.
680 2949 718 3014 P.
735 2951 836 3016 Sitius
852 2949 1026 3016 interimet
1041 2909 1153 3016 RexB'
1217 2973 1268 3026 us,
1283 2973 1355 3016 con·

245 3036 366 3186 {netis
378 3035 444 3101 suis
457 3036 569 3138 copiis,
590 3037 722 3127 cognito
745 3037 843 3126 Regis
858 3038 954 3103 Jubae
968 3061 1110 3126 egressu,
1134 3060 1196 3125 pro
1222 3037 1271 3102 ius
1291 3037 1357 3140 ejus

286 3143 407 3210 egnum
430 3146 539 3210 copias
564 3145 638 3195 suas
663 3123 849 3199 admovere,
879 3124 1081 3212 Cirtamque,
1106 3124 1187 3212 oppi
1213 3147 1266 3188 um
1291 3149 1358 3215 eJus

138 3221 144 3240 ·
251 3207 359 3298 Regni
372 3210 662 3297 opulentioeimum,
673 3210 782 3277 adorti
794 3211 903 3300 paucis
914 3209 1028 3277 diebus
1039 3210 1264 3302 pugnandoca
1288 3213 1359 3278 iunt

133 3363 137 3371 ,
252 3306 288 3364 et
308 3308 466 3384 praeterea
487 3297 556 3364 duo
571 3296 694 3388 oppida
710 3298 929 3366 Gaetulorum:
953 3300 1073 3388 quibus
1086 3321 1188 3386 quum
1203 3319 1264 3364 con
1291 3297 1358 3364 'tio-

289 3489 398 3553 Prcps'us
414 3489 540 3548 accedere.
568 3487 655 3552 Vulgo
674 3487 785 3540 inserunt
834 3490 1109 3558 nostroCellariuslegi
1118 3491 1193 3555 jubet
1202 3491 1268 3556 Repu·
1277 3491 1358 3542 laba.

257 3555 402 3618 eamquod
413 3552 615 3604 invenis-codd.
626 3555 705 3604 deest.
834 3557 926 3619 Recte,
946 3567 1008 3622 puto
1027 3555 1064 3606 sic
1083 3557 1174 3622 planus
1191 3555 1240 3606 erit
1260 3555 1357 3622 periodi

260 3617 276 3631 '
295 3621 461 3670 venenam.
494 3617 681 3670 codatnvsn.
694 3623 784 3670 otuu.
832 3637 921 3674 nexus.

258 3685 326 3734 unde
337 3683 425 3734 Heins.
437 3686 544 3736 nterea
554 3683 620 3734 cos.
631 3683 705 3733 Leid.
713 3687 786 3736 Mass.
868 3691 900 3738 P.
913 3684 1318 3751 Sitisoe,1taliapulms‚ersilium
1330 3685 1354 3736 ir

295 3751 358 3800 nrsa
375 3752 449 3799 milia
467 3765 590 3813 possm
606 3751 688 3813 lotape,
706 3749 784 3819 trium
834 3751 988 3802 Mauritania
1001 3751 1120 3803 toleravit
1130 3759 1156 3800 et
1165 3751 1290 3800 conlectis
1299 3751 1355 3800 aliis

256 3815 358 3867 milium
369 3830 490 3879 pannum
506 3813 639 3864 intervallo
650 3830 666 3863 a
676 3815 784 3867 Curare.
833 3817 965 3868 exsulibus
976 3833 1006 3868 ac
1019 3833 1093 3867 manu
1104 3817 1212 3881 quadam
1224 3833 1240 3865 a
1251 3817 1354 3866 Boccho

256 3883 382 3934 curam.
834 3881 969 3948 inpetrata,
979 3883 1073 3933 Caesari
1087 3879 1185 3931 auxilie
1196 3880 1278 3941 venit,
1288 3883 1354 3931 nullo

292 3947 326 3996 In
343 3947 390 3995 s'tu.
428 3945 477 3996 Hae
496 3945 594 3996 vocula
616 3943 641 3994 in
662 3943 722 3994 aliis
740 3947 784 3996 de·
833 3949 867 3998 ab
888 3965 920 3998 eu
938 3948 1062 3998 beneflcio
1080 3947 1214 3996 adfectuu-
1231 3946 1354 3996 DicCu-

254 4019 321 4061 sunt.
833 4011 887 4062 sius
898 4017 939 4074 4³,
954 4017 979 4062 3.
996 4015 1130 4063 Celtarum.

291 4077 347 4126 nee
362 4075 534 4129 lata-soa
550 4083 586 4128 est
600 4078 691 4128 num.
723 4077 784 4126 Per·
869 4079 974 4130 Boetius·
999 4078 1354 4153 Hocnomen‚propterlocos

254 4153 334 4205 quam
344 4141 433 4190 durum
446 4144 604 4192 ὶιιιὸλινθη.
617 4143 656 4191 Μ.
682 4139 722 4192 Cf.
731 4149 784 4191 not.
833 4143 924 4194 Dionis
939 4145 980 4204 4³,
993 4147 1017 4192 3.
1035 4152 1060 4192 et
1071 4143 1182 4208 Appiani
1200 4141 1259 4191 Civ.
1273 4148 1299 4202 2,
1315 4143 1354 4190 98.

256 4206 323 4254 ade.
337 4207 375 4254 ta.
408 4207 446 4256 lta
456 4217 482 4255 et
491 4209 561 4271 apud
573 4207 690 4256 Plautum
701 4209 783 4258 Poen.
834 4223 860 4284 p.
873 4211 930 4270 488,
940 4207 1038 4272 recepit
1049 4205 1354 4266 Oud.ecodicibus,etsi

253 4272 280 4329 8,
292 4275 316 4329 8,
328 4271 369 4319 46.
397 4271 445 4330 st,
461 4275 483 4319 ss·
497 4279 520 4320 te
533 4273 581 4321 Ds’s‘
592 4279 692 4331 omont,
706 4289 784 4336 opere
833 4289 860 4324 ra
871 4275 927 4324 edd.
938 4273 1089 4352 quibusdam
1107 4274 1197 4340 Bogud
1215 4273 1352 4338 legebatur.

254 4342 330 4386 tam
346 4350 402 4386 ress
418 4338 512 4388 mio
531 4343 576 4388 est.
608 4335 637 4386 In
652 4337 714 4388 loco
732 4337 783 4387 hoc
832 4339 872 4390 M.
903 4339 988 4416 Hujus
1003 4339 1097 4390 mentio
1114 4337 1143 4388 bt
1160 4339 1229 4390 ult
1244 4337 1351 4390 etdffl.
