2909 4809
223 279 294 347 200
534 268 774 343 DEBELLO
798 268 1017 339 nuthlon.

228 464 273 532 ad
298 461 464 529 Lutetiam
490 462 554 529 iter
584 462 691 528 facere
712 460 824 549 coepit.
871 460 1001 537 Hostes,
1014 479 1049 525 re
1062 456 1197 547 cognita
1213 454 1261 521 ab
1284 452 1333 529 iis,

125 600 128 609 -
228 551 336 641 quia
362 549 540 616 Meloduno
568 551 796 638 profugerant,
836 546 1001 613 Lutetiam
1037 546 1213 611 incendunt
1254 564 1334 630 pon-

228 653 342 726 tesque
367 640 434 725 ejus
454 635 569 726 oppidi
592 634 729 702 rescindi
748 636 888 723 jubent:
917 636 977 723 ipsi
997 632 1138 723 profecti
1157 655 1178 695 a
1195 629 1345 731 palude,

228 727 263 791 in
285 724 364 877 tilpis
390 724 559 813 Sequanae,
584 748 603 791 e
623 724 756 811 regione
778 722 929 799 Lutetiae,
944 734 1057 787 contra
1073 719 1209 785 labiem
1224 730 1336 782 castra

228 814 314 879 cons'
340 822 409 876 unt.

272 900 326 964 59.
349 898 425 963 Jam
445 891 554 964 Cassi·
567 922 588 963 a
601 897 768 987 Gergovia
779 896 952 962 discessisse
966 894 1185 961 audiebatur:
1205 894 1278 981 jam
1293 890 1336 955 de

230 986 414 1052 AEduorum
428 985 608 1051 defectione
623 997 657 1049 et
668 984 808 1050 secundo
819 984 935 1049 Gallim
944 994 1034 1048 motu
1048 1005 1195 1047 rumores
1205 980 1337 1045 adfere-

229 1074 364 1149 bantur,
381 1072 535 1160 Gallique
549 1074 581 1137 in
596 1072 787 1159 conloquiis,
803 1071 1015 1137 interclusum
1037 1068 1153 1133 itinere
1167 1080 1204 1133 et
1220 1067 1260 1132 Li
1287 1065 1337 1131 eri

172 1162 176 1169 ’
231 1161 401 1234 Caesarem,
412 1160 521 1248 inopia
531 1160 687 1225 frumenti
698 1171 859 1234 coactum,
873 1158 905 1223 in
914 1156 1118 1224 Provinciam
1130 1168 1249 1221 conten
1276 1155 1336 1217 'me

111 1265 114 1272 ’
229 1246 476 1313 confirmabant.
544 1246 710 1312 Bellovaci
755 1260 876 1322 autem,
919 1244 1100 1309 defectione
1144 1241 1335 1308 AEduorum

230 1333 373 1422 cognita,
396 1334 453 1422 qui
466 1344 541 1399 ante
555 1345 648 1399 erant
663 1358 724 1422 per
739 1358 772 1397 se
788 1332 943 1407 infideles,
969 1353 1081 1397 manus
1096 1352 1213 1417 cogere
1228 1340 1335 1417 atque

230 1435 345 1510 aperte
376 1420 499 1486 bellum
529 1444 645 1522 parare
674 1432 856 1509 coeperunt.
917 1419 1001 1484 Turn
1034 1416 1207 1491 Labienus,
1238 1426 1335 1481 tanta

229 1532 342 1574 rerum
357 1520 621 1583 commutatione,
639 1506 736 1595 longe
749 1505 839 1571 aliud
859 1507 920 1572 sibi
934 1502 1126 1594 capiendum
1148 1503 1334 1575 consilium,

229 1605 332 1682 atque
355 1607 626 1672 antea'senserat,
656 1593 888 1681 intellegebat:
913 1616 1017 1681 neque
1038 1592 1118 1679 jam,
1142 1604 1181 1655 ut
1205 1586 1332 1679 aliquid

228 1681 429 1770 adquireret,
453 1682 637 1770 proelioque
661 1680 766 1746 hostes
795 1680 989 1754 lacesserct3
1012 1678 1067 1744 sed
1083 1690 1121 1743 ut
1136 1677 1334 1744 incolumem

230 1769 412 1835 exercitum
426 1769 457 1835 A
483 1768 631 1835 endicum
645 1768 829 1844 reduceret,
842 1768 1018 1856 cogitabat.
1058 1766 1213 1853 Namque
1227 1764 1335 1843 altera

229 1880 272 1921 ex
299 1868 394 1944 parte
423 1792 601 1933 Bellovaci,
627 1880 701 1944 quae
728 1855 842 1921 civitas
866 1856 898 1919 in
917 1855 1025 1921 Gallia
1045 1852 1218 1918 maximam
1232 1852 1334 1919 habet

231 1943 417 2031 opinionem
439 1944 583 2020 virtutis,
603 1944 785 2017 irutabant;
807 1942 943 2008 alteram
960 1940 1200 2028 Camulogenus
1215 1952 1332 2027 parato

230 2044 330 2116 atque
357 2029 516 2096 instructo
542 2031 686 2097 exercitu
712 2030 867 2095 tenebat:
896 2042 966 2095 turn
981 2029 1010 2093 le
1035 2028 1133 2103 iones,
1146 2051 1167 2091 a
1181 2024 1333 2115 praesidio

229 2129 329 2203 atque
344 2115 569 2204 inpedimentis
595 2117 795 2193 interclusas,
819 2116 993 2181 maximum
1008 2052 1128 2181 dumen
1142 2113 1343 2181 distinebat.'

232 2202 358 2269 Tantis·
380 2203 489 2269 subito
523 2202 773 2269 difficultatibus
809 2202 955 2291 objectis,
997 2201 1040 2267 ab
1074 2202 1171 2267 animi
1206 2202 1333 2265 virtute

231 2290 389 2354 auxilinm
404 2288 583 2377 petendum
597 2289 740 2355 videbat.

277 2374 330 2439 60.
353 2374 471 2461 Itaque
485 2377 547 2441 snb
562 2400 734 2466 vesperum
755 2375 887 2442 oonsilio
913 2390 1103 2453 convocato,
1131 2374 1333 2446 cohortatus,

233 2472 278 2545 nt
301 2484 350 2536 ea,
384 2484 458 2549 quae
486 2464 686 2553 imperasset,
727 2462 902 2551 diligenter
931 2463 1153 2565 industrieque
1182 2460 1334 2526 adminis-

233 2551 495 2625 natananaves,
511 2574 592 2638 quas
611 2575 632 2615 a
649 2550 832 2618 Meloduno
856 2550 1051 2627 deduxerat,
1079 2548 1222 2639 singulas
1244 2546 1335 2635 equi-

233 2634 323 2701 tibus
339 2634 492 2702 Romanis
507 2636 671 2703 adtribuit
691 2651 738 2715 et,
750 2639 859 2739 prima
882 2637 1028 2705 confecta
1043 2637 1167 2724 vigilia,
1189 2640 1333 2735 quatuor

233 2722 325 2787 milia
339 2745 493 2810 passuum
506 2724 646 2791 seomido
669 2726 800 2791 flumine
827 2723 982 2814 progredi
1008 2724 1135 2789 silentio
1164 2722 1279 2808 ibique
1301 2744 1334 2785 se

233 2810 418 2897 exspectari
434 2810 542 2897 jubet.
588 2812 743 2899 Quinque
758 2812 917 2887 cohortes,
933 2834 1013 2897 quas
1027 2810 1156 2875 minime
1170 2808 1280 2873 firmas
1295 2804 1335 2872 ad

236 2892 454 2961 dimicandum
489 2922 555 2962 esse
581 2898 798 2972 existimabat,
829 2898 940 2963 castris
975 2896 1123 2985 prasidio
1153 2896 1333 2980 relinquit:

234 2980 381 3070 quinque
406 2982 549 3069 ejusdem
574 2984 604 3048 le
628 2984 708 3051 ionis
732 2985 873 3073 reliquas
889 2982 930 3051 de
944 2982 1052 3049 media
1067 2995 1163 3048 nocte
1177 3005 1253 3047 cum
1268 3004 1334 3046 orn·

235 3068 332 3134 nibus
347 3068 576 3157 inpedimentis
589 3008 724 3139 adverso
737 3072 866 3137 flumine
880 3093 997 3158 magno
1013 3069 1159 3135 tumultu
1168 3066 1336 3169 proficisci

179 3159 185 3180 ¹
235 3155 387 3244 imperat.
434 3156 608 3243 Conquirit
623 3158 721 3224 etiam
741 3158 872 3225 lintres:
896 3156 962 3233 has,
978 3180 1028 3222 rna
1075 3181 1095 3222 ο
1108 3168 1217 3221 sonitu
1231 3178 1336 3221 remo·

209 3242 310 3307 'rum
338 3241 498 3319 incitatas,
520 3244 553 3309 in
568 3244 712 3310 eamdem
730 3257 856 3333 partem
868 3244 982 3311 mittit.
1027 3180 1102 3309 inse
1117 3254 1193 3331 post
1208 3243 1335 3331 paullo,

234 3328 364 3395 silentio
376 3352 533 3415 egressus,
549 3354 625 3396 cum
638 3331 746 3398 tribus
760 3331 942 3419 legionibus
955 3353 1028 3397 eum
1039 3268 1147 3395 licum
1155 3332 1254 3418 petit,
1267 3352 1335 3418 quo

233 3414 387 3481 navesad
430 3416 467 3481 lli
479 3416 629 3505 jusserat.
871 3410 880 3433 ⁰

281 3500 334 3565 61.
452 3527 555 3603 quum
583 3517 665 3571 esset
695 3516 840 3580 ventum,
870 3502 1091 3592 exploratores
1119 3501 1273 3577 hostium,
1297 3514 1336 3567 ut

237 3588 326 3653 omni
347 3588 486 3654 fluminis
498 3604 593 3679 parte
608 3605 699 3659 erant
715 3589 874 3680 dispositi,
891 3590 1103 3679 inopinantes,
1115 3588 1205 3677 quod
1217 3612 1336 3676 magna

236 3674 348 3741 subito
368 3688 440 3741 erat
460 3690 573 3742 coorta
594 3692 778 3769 tempestas,
801 3680 844 3745 ab
867 3676 983 3742 nostris
1005 3676 1257 3827 obprimuntur:
1283 3698 1337 3741 ex·

235 3762 355 3828 arcitus
377 3763 621 3852 equitatusque,
647 3766 813 3855 equitibus
839 3764 1004 3832 Romanis·
1020 3788 1040 3829 a
1064 3762 1335 3839 ministrantibus,

272 3876 423 3925 lacendum.
438 3874 485 3925 alii
496 3878 605 3927 aconiti.
847 3880 959 3927 Consilio.
971 3877 1039 3925 male
1049 3876 1094 3925 alii
1107 3878 1214 3925 correilio.

273 3940 381 4013 lffmfectt
392 3957 409 3987 u
416 3942 520 4005 palude.
552 3941 707 3992 Ciacconins
722 3942 762 3991 in·
845 3946 878 3991 Se
888 3946 1035 4005 carpentur-t.
1062 3942 1154 3991 Clarke
1167 3941 1222 3990 vult
1232 3956 1334 4005 emper·

238 4017 345 4065 gemnae
355 4004 431 4054 dabat
438 4010 548 4069 praeca
811 4018 872 4059 tara.
904 4006 962 4055 Non
972 4022 1047 4071 opus.

273 4068 347 4119 Motu
355 4072 524 4134 acunilaqui
537 4087 764 4137 prosperemcces·
847 4074 976 4123 Eser-citus
1002 4072 1124 4136 (pedites)
1154 4073 1334 4145 emittatur-sque.

240 4143 313 4181 serat.
331 4132 435 4181 Monuit
445 4136 630 4187 Hotomannus.
648 4140 686 4187 M.
814 4140 851 4187 M.
884 4137 926 4185 Sic
937 4140 1058 4188 ererrirus
1070 4154 1116 4203 pro
1128 4138 1242 4200 pediturn
1257 4128 1342 4185 etiam'

276 4198 370 4248 Itinere
387 4206 411 4249 et
427 4198 520 4265 num,
539 4204 644 4252 transitu
655 4203 763 4267 Ligeris.
812 4202 842 4251 C.
855 4207 879 4263 8,
892 4204 933 4251 88.
965 4202 1006 4251 Sic
1025 4202 1075 4253 iere.
1093 4210 1119 4251 et
1135 4200 1212 4251 Silius
1226 4204 1264 4261 18,
1277 4204 1333 4251 808.

239 4262 279 4311 d!-
814 4266 897 4317 Simili
935 4270 1011 4318 modo
1045 4270 1137 4317 milites
1169 4266 1334 4329 obponnutur

276 4329 482 4403 Qud-murrum.
493 4329 538 4379 alii
550 4336 685 4395 queunte,
696 4334 763 4383 unde
813 4332 940 4397 equitibus
957 4340 982 4393 5,
1001 4336 1040 4381 10.
1076 4332 1106 4382 C.
1124 4338 1148 4393 2,
1166 4334 1206 4385 u.
1222 4332 1333 4399 itemque

222 4459 227 4479 Ι
241 4392 364 4443 Homerus
373 4393 478 4459 conjicit
489 4398 596 4461 qaijum
608 4406 674 4449 uate.
814 4400 924 4450 homines
932 4398 964 4449 C.
974 4402 1000 4460 2,
1012 4400 1052 4447 89.
1294 4404 1299 4410 “
