2909 4809
256 203 319 297 tlt
560 226 624 295 ns
646 196 798 296 nauto
821 196 1040 301 dieuco,

252 426 276 457 “
290 427 390 505 atque
402 412 463 483 hoc
476 413 611 481 maxime
622 414 664 481 ad
677 414 833 483 virtutem
845 416 981 485 excitari
989 428 1119 509 putant,
1130 428 1218 485 metu
1228 415 1343 485 mortis

254 511 277 545 ‘⁶
293 503 451 592 neglecto.
487 502 595 567 Multa
608 516 764 591 praeterea
778 502 818 568 de
830 503 985 571 sideribus
998 520 1097 595 atque
1109 528 1221 573 eorum
1237 518 1343 579 motu,

254 600 277 631 ‘⁴
292 591 332 654 de
354 588 463 655 mundi
485 612 521 653 ac
542 600 703 655 terrarum
718 590 950 678 magnitudine,
973 591 1014 657 de
1029 618 1137 661 rerum
1151 606 1280 669 natura,
1304 590 1345 656 de

252 688 275 719 “
293 678 440 828 Deogqrm
452 676 670 743 inmortalium
685 675 717 742 vi
732 701 769 741 ec
784 690 943 765 potestate
954 678 1122 769 disputant
1133 692 1166 747 et
1177 670 1347 769 juventuii

252 776 364 829 “tran
402 776 471 828 unt.

299 852 347 915 15.
371 851 563 916 “Alterum
612 874 690 917 enus
709 864 758 915 est
773 850 940 939 Equitum.
987 854 1045 931 Hi,
1069 876 1171 943 quum
1193 864 1242 917 est
1269 874 1350 915 usus

251 949 274 981 “
290 952 389 1025 atque
401 936 533 1024 aliquod
546 874 669 1003 befium
680 936 805 1012 incidit,
816 940 918 1027 (quod
933 954 1007 1005 ante
1021 942 1155 1007 Caesaris
1168 938 1349 1005 adventum

252 1037 275 1068 “
291 1025 358 1090 fere
373 1025 543 1113 quotannis
563 1023 706 1115 accidere
728 1024 865 1101 solebat,
888 1028 936 1092 uti
951 1041 1009 1093 aut
1023 1030 1085 1117 ipsi
1100 1028 1231 1117 injurias
1247 1024 1348 1090 infer·

251 1124 275 1154 ‘⁴
291 1126 375 1187 rent,
392 1124 449 1175 aut
464 1111 577 1176 inlatas
595 1112 850 1200 propulsarent‚)
874 1136 981 1179 omnes
1003 1115 1035 1179 in
1051 1114 1138 1181 bello
1154 1125 1346 1180 versantur:

252 1212 275 1241 “
291 1210 389 1287 atque
404 1221 514 1262 eorum
535 1199 722 1285 utquisque
741 1213 789 1263 est
804 1222 919 1288 genere
940 1202 1102 1290 copiisque
1116 1199 1346 1289 amplissimus,

252 1298 274 1328 “
291 1287 337 1350 ita
351 1285 506 1373 plurimos
519 1285 641 1350 circum
653 1309 685 1349 se
698 1285 862 1352 ambactos
873 1288 1068 1377 clientesque
1080 1288 1211 1353 habent.
1246 1286 1345 1353 Hanc

251 1385 385 1437 “unam
424 1371 537 1437 retiam
554 1370 795 1460 potentiamque
810 1388 979 1441 noverunt.
1124 1378 1133 1389 “

296 1459 344 1523 16.
369 1469 391 1501 “
442 1459 508 1525 atio
522 1470 570 1525 est
585 1458 726 1525 omnium
741 1459 923 1527 Gallorum
945 1460 1121 1528 admodum
1140 1458 1253 1527 dedita
1266 1458 1344 1526 reli-

251 1711 380 1748 mausrum
394 1696 419 1745 in
431 1696 517 1745 bruta:
533 1694 588 1743 uult
601 1692 685 1757 potius
695 1693 770 1743 intel·
1274 1720 1345 1757 -τ

250 1762 297 1828 ligi
308 1761 438 1812 transitum
455 1777 487 1809 ex
502 1761 553 1810 elio
565 1760 626 1808 orbe
644 1758 770 1809 inalium.
795 1760 918 1823 legitur,
936 1760 1058 1823 waldusru'
1076 1764 1106 1812 ist
1128 1762 1249 1811 andbahts
1270 1764 1345 1825 pollis

250 1826 501 1879 SedverbsCaesaris
515 1825 580 1875 nibil
594 1822 724 1873 continent
738 1826 769 1872 de
819 1825 875 1874 h.e.
888 1834 1000 1889 potestas
1010 1836 1048 1873 est
1059 1831 1173 1877 minister
1181 1826 1238 1873 Dei.
1274 1828 1343 1873 Rur-

249 1894 316 1944 orbe.
348 1894 400 1941 Nec
417 1907 519 1940 necesse
535 1896 582 1947 est,
603 1898 632 1937 ut
648 1889 769 1938 transitus
818 1906 859 1939 sus
873 1892 947 1941 Rom.
962 1894 999 1953 1⁵,
1011 1896 1034 1940 8.
1052 1888 1142 1945 idum
1159 1891 1344 1941 vertiturond·

249 1960 341 2008 enimse
351 1959 467 2007 humanae
484 1956 511 2005 in
528 1958 630 2005 brutum
646 1954 769 2029 intelligo·
817 1956 885 2007 batt.
925 1956 1013 2007 Edidit
1035 1958 1110 2021 hujus
1130 1956 1253 2007 versionis
1273 1957 1343 2025 ing·

250 2033 303 2086 tur;
319 2025 362 2072 sed
379 2023 411 2072 ab
422 2022 481 2071 aliis
501 2020 638 2071 bominibus
656 2022 687 2067 ad
703 2020 768 2068 ahos
817 2029 901 2069 menta
916 2038 931 2070 e
948 2022 1038 2070 codice
1055 2023 1176 2085 rescripto
1194 2021 1343 2079 Knittelius,

250 2090 356 2153 migrare
367 2085 582 2136 enimasvidentur
591 2085 716 2133 docuisse.
734 2085 767 2133 Et
818 2086 863 2133 ubi
876 2103 900 2149 p.
909 2092 940 2137 95
951 2094 977 2135 et
989 2092 1020 2135 45
1032 2086 1060 2134 hi
1070 2087 1121 2136 loci
1132 2094 1277 2135 occurrunt.
1298 2086 1340 2136 Cf.

250 2155 288 2203 sic
303 2154 392 2202 diserte
406 2151 518 2215 explicet
535 2150 611 2198 Diod.
622 2147 673 2196 stc.
686 2156 710 2207 5,
725 2154 767 2198 98.
818 2166 845 2213 p.
858 2152 915 2201 895.
932 2152 976 2200 ubi
994 2152 1043 2201 hoc
1062 2152 1166 2201 terbum
1183 2152 1278 2209 denuo,
1294 2152 1341 2201 sed

250 2219 319 2273 illud
335 2218 455 2267 incertum
471 2224 518 2271 est,
532 2222 617 2287 utrum
635 2215 735 2263 Dmidae
749 2228 768 2287 a
817 2216 1342 2281 paucis‚ettigit,lect0resqneadSchilteri

250 2284 400 2347 Pythagora,
416 2296 447 2330 sn
466 2280 509 2329 hic
526 2279 560 2327 ab
573 2278 623 2325 tths
640 2284 768 2341 adceperit
815 2280 964 2342 glossarium
974 2282 1127 2332 amandavit.
1152 2282 1252 2330 Frustra
1263 2280 1342 2343 igitur

249 2348 315 2397 hunc
325 2346 482 2396 sententiam.
504 2344 540 2392 Ac
550 2358 582 2391 ne
592 2356 656 2415 opus
663 2342 765 2405 quidem
816 2358 830 2390 e
842 2345 928 2409 lingua
939 2346 1017 2395 latine
1027 2346 1154 2410 explicere
1165 2346 1283 2394 nonnulli
1293 2362 1340 2396 co·

249 2420 296 2471 est,
306 2422 343 2470 ut,
359 2412 381 2460 si
390 2411 446 2474 quis
455 2409 515 2473 quid
526 2414 647 2467 statuerit,
662 2409 731 2477 quod
742 2416 768 2457 et
815 2409 868 2457 usti
889 2418 954 2469 sunt,
969 2420 998 2459 ut
1014 2412 1135 2460 Dscerius
1149 2413 1182 2459 sd
1192 2412 1295 2459 Festum
1313 2412 1339 2460 in

248 2478 398 2541 Pythagorae
405 2476 486 2525 visum
496 2482 541 2533 est,
550 2472 620 2521 illico
629 2474 767 2533 credamus,
815 2475 950 2523 ambasiae.
962 2474 1014 2523 vid.
1027 2476 1117 2525 Ritteri
1130 2476 1238 2526 historie
1248 2476 1339 2525 Gallo·

249 2542 519 2591 hunchominemcurn
527 2536 767 2601 Pythagorealiqnid
814 2552 878 2597 nrm,
897 2556 923 2603 p.
934 2544 992 2588 991.
1003 2544 1059 2599 999,
1075 2541 1120 2603 qui
1138 2548 1163 2589 et
1179 2540 1244 2590 alios
1255 2541 1338 2603 scrip-

248 2604 765 2661 eonsuetudinislmboisse,sutadulterum
816 2604 1009 2653 toresleudavit.
1026 2607 1064 2653 M.
1098 2606 1173 2654 Plura
1182 2605 1253 2654 debit
1262 2604 1339 2655 Glos-

248 2674 281 2722 ab
291 2676 369 2723 altero
382 2672 483 2721 fluxisse
492 2669 649 2733 opinionem.
676 2668 765 2717 Nonne
815 2668 905 2717 mium
915 2668 1036 2718 Schemii.
1065 2670 1338 2720 Pellerininllecueii

250 2738 336 2805 potuit
357 2738 444 2786 eadem
464 2734 587 2785 sententia
608 2730 723 2796 pluribus
741 2734 766 2782 in
814 2733 847 2779 de
858 2728 1000 2793 Midailles
1016 2742 1033 2782 t.
1049 2738 1071 2783 l.
1088 2736 1140 2784 tub.
1154 2736 1213 2793 8,9.
1230 2734 1337 2784 exhibet

250 2813 359 2852 mentem
378 2800 479 2850 venire?
512 2798 564 2857 Qui
584 2798 662 2857 enim,
682 2807 766 2847 cetera
814 2812 919 2847 numum
941 2800 1076 2849 Gallicum.
1097 2798 1140 2863 qui
1163 2806 1232 2864 parte
1250 2799 1337 2849 eutice

250 2868 356 2925 indocti,
365 2868 476 2923 eredunt,
491 2865 588 2913 animas
596 2877 648 2911 non
659 2862 767 2923 interire,
814 2870 893 2926 caput
902 2863 985 2922 bovis,
991 2863 1079 2913 eddito
1089 2865 1227 2923 ambustus,
1235 2864 1337 2927 postica

250 2934 288 2995 hi,
305 2932 405 2996 quippe
424 2929 539 2979 sensibus
555 2936 581 2975 et
600 2928 767 2990 adspectebili
813 2929 1111 2978 esemvolnntemoliert.
1137 2930 1337 2989 lneenummm-

250 2997 344 3048 mundo
354 2994 460 3054 adsueti,
474 3010 549 3057 quarn
561 2992 686 3055 proclives
696 3001 767 3042 erunt
814 2992 899 3043 Mones
918 2994 981 3043 sitne
998 3008 1089 3043 nomen
1101 2992 1221 3054 hominis,
1236 3009 1268 3042 un
1280 2994 1337 3057 dig-

248 3065 281 3115 αἱ
301 3061 542 3112 comminiscendum
561 3057 664 3121 aliquod
681 3072 767 3121 super·
814 3058 949 3117 nitetis,an
961 3059 1104 3108 districtus?
1126 3061 1181 3108 ilsc
1193 3058 1335 3123 posteriore

248 3129 315 3179 stitis
325 3126 416 3178 animm
426 3123 609 3183 habitaculum,
623 3136 698 3185 quem
710 3138 767 3172 cor·
813 3122 997 3185 significatione
1007 3138 1056 3173 vos
1068 3124 1192 3188 hodieque
1203 3126 1299 3188 gaudet
1309 3123 1334 3173 iu

210 3230 218 3247 ,
249 3210 311 3260 pore
331 3194 468 3258 sejunctum
487 3188 574 3237 vivere
590 3187 634 3237 vix
651 3188 768 3237 videntur
812 3186 942 3239 Flendris.

248 3260 390 3323 intelligere
403 3271 487 3320 posse.
503 3254 541 3304 Μ.
849 3254 963 3305 Clientes.
995 3252 1100 3319 Optime
1115 3271 1174 3319 ergo
1185 3254 1335 3303 Csessrver-

283 3319 697 3389 Ammbmmw.uliiam1infflmu.
814 3318 875 3366 bum
884 3322 996 3379 amdam,
1009 3322 1130 3371 Romanis
1142 3320 1284 3377 bethanim,
1295 3318 1334 3367 in-

283 3392 422 3442 Amboclos.
453 3386 489 3434 Hi
498 3384 602 3449 quinam
613 3384 714 3444 luerint,
725 3400 766 3435 su·
812 3392 962 3446 terpretatus
984 3394 1021 3435 est
1041 3384 1121 3435 lutino
1142 3384 1242 3435 clientis
1258 3397 1334 3432 voes-

215 3510 219 3516 t
267 3474 295 3508 ra
307 3457 343 3515 (s,
355 3454 398 3510 99)
414 3451 481 3500 dixi:
498 3459 555 3499 sunt
569 3450 639 3499 enim
655 3451 765 3501 umberti
812 3448 882 3497 bulo.
900 3450 938 3498 M.

249 3524 337 3581 tidem,
352 3518 398 3583 qui
414 3514 530 3592 soldurii.
561 3515 634 3565 Nunc
649 3517 683 3563 de
694 3516 764 3567 serbi
848 3516 972 3593 Gratiam,
982 3513 1332 3577 benevolentiemmonqusm

248 3582 764 3709 tuditi‘tltt‘sl'tgtttt
812 3580 1022 3710 tltltt't
1032 3579 1332 3708 {litttltttflttt

247 3715 482 3780 eum,quialterum
491 3710 766 3761 assectaturedsiduus-
813 3710 861 3758 init
877 3710 910 3758 sb
926 3710 994 3771 aliis,
1014 3718 1040 3759 et
1094 3722 1196 3773 squam
1211 3710 1332 3759 conciliet

247 3800 298 3847 que
316 3781 430 3831 minister
445 3787 471 3827 et
487 3792 572 3825 comes
587 3776 641 3839 ejus
650 3784 700 3823 est:
716 3777 763 3827 etsi
812 3772 862 3824 sibi
875 3776 1022 3838 potentiam.
1075 3775 1097 3822 ic
1113 3774 1208 3823 dicitur
1223 3774 1331 3837 gratius
1412 3812 1415 3823 .

247 3848 294 3897 alii
316 3846 369 3895 alio
385 3846 461 3893 modo
478 3841 656 3905 etymologiam
672 3842 764 3891 descri-
812 3840 976 3902 scriptoribus
987 3840 1056 3889 illius
1067 3839 1156 3888 teletis.
1173 3841 1211 3889 M.

247 3913 319 3971 bunt,
332 3907 765 3973 quasiexomt(rnunus)etuclltett
846 3906 931 3955 Omnis
953 3908 1092 3955 (idiosum.
1130 3904 1196 3953 Cum
1217 3904 1331 3971 plerique

208 4004 213 4011 ·
247 3976 358 4037 (curare)
374 3974 480 4023 verbum
491 3971 524 4021 sit
533 3971 714 4035 compositum:
732 3972 765 4019 de
813 3970 888 4019 codd.
908 3974 1019 4020 omnium
1038 3968 1156 4028 habeant,
1172 3970 1269 4030 nescio,
1287 3986 1332 4019 cur

246 4057 299 4105 quo
308 4039 427 4102 equidem
437 4038 596 4087 vehementer
604 4034 703 4085 dubito.
737 4036 765 4085 Si
814 4034 1330 4099 hocnonservatumsitubOudendorpio.

246 4104 309 4169 quid
317 4104 457 4153 addendum
468 4102 557 4164 estiis,
573 4100 683 4165 quesiti
694 4100 766 4150 diso-
815 4100 852 4147 M.
884 4098 1006 4163 ConJ'icit‚
1021 4099 1143 4161 scripturn
1159 4099 1238 4147 tuisse
1254 4104 1332 4149 mest-

247 4178 312 4229 runt,
321 4166 404 4233 reperi
414 4168 519 4215 verbum
532 4165 765 4226 Audiuit-minis-
812 4178 885 4222 rtum,
895 4166 964 4227 quod
980 4164 1023 4212 vin
1034 4166 1119 4213 credo.
1151 4162 1277 4214 cellerius
1294 4180 1331 4213 re·

245 4244 292 4294 ter,
299 4232 325 4281 in
333 4231 446 4281 versione
452 4232 561 4280 Gothico
567 4231 681 4295 epistole
691 4230 765 4280 Pauli
814 4227 900 4293 posuit
906 4232 1027 4294 matium,
1033 4244 1134 4295 sequor·
1150 4231 1329 4282 Partitutumen

246 4298 282 4351 ed
294 4295 433 4356 Romanos,
448 4296 494 4399 qbi
515 4296 593 4347 Rom
607 4298 646 4356 18,
661 4300 685 4346 8.
697 4300 712 4347 l
723 4295 766 4346 bis
813 4292 897 4347 refert.
