2909 4809
246 324 285 393 12
541 318 604 387 os
627 314 1039 417 nrnmcnnuco.

240 520 263 551 “
279 532 387 577 rerum
400 492 544 583 doleant,¹
566 531 647 596 quos
664 528 726 597 pro
746 508 864 573 scelere
881 530 994 575 eorum
1017 508 1126 575 ulcisci
1148 511 1262 591 velint,
1283 514 1334 583 bis

241 597 477 663 “secundiores
505 594 665 660 interdum
696 618 746 660 res
777 609 811 661 et
842 596 1077 661 diuturniorem
1114 598 1333 687 inpunitatem

240 694 263 743 ‘.‘
278 684 459 749 concedere.
506 682 615 757 Quum
635 704 671 745 ee
692 682 738 746 ita
757 682 832 757 sint,
848 695 965 758 umen,
980 683 1008 767 ci
1020 684 1144 750 obsides
1157 687 1200 751 ab
1212 686 1253 751 iis
1267 688 1329 753 sibi

240 780 263 811 ‘⁶
278 769 407 845 dentur,
432 769 480 835 uti
494 792 543 843 ea,
559 791 631 871 quse
648 768 874 856 polliceantur,
894 768 1035 837 facturos
1050 770 1233 859 intellegat:
1256 775 1331 841 etsi

240 868 262 897 “
281 856 392 923 AEduis
414 857 454 922 ‹le
477 856 611 941 injuriis,
635 878 715 942 quas
738 855 748 918 i
789 855 815 919 is
834 855 990 943 sociisque
1011 880 1124 922 eorum
1147 858 1329 937 intulerint,

239 956 261 985 “
278 944 354 1011 item
374 944 400 1010 si
418 942 652 1029 Allobrogibus
666 879 870 1017 satisddiant,
890 965 956 1007 sese
977 966 1050 1007 cum
1073 943 1111 1008 iis
1131 968 1243 1033 pacem
1263 970 1330 1013 esse

238 1043 261 1073 “
276 1030 469 1097 facturum.”
506 1029 623 1095 Divico
636 1027 815 1116 respondit:
840 1040 862 1069 ‘⁴
874 1027 925 1093 Ita
942 1028 1108 1095 Helvetios
1121 1054 1141 1094 e
1152 1032 1330 1119 majoribus

237 1133 260 1163 ‘⁶
275 1119 340 1183 suis
354 1118 518 1183 institutos
532 1139 608 1190 esse,
632 1113 680 1179 uti
696 1114 820 1180 obsides
833 1115 988 1203 accipere,
1012 1138 1075 1182 non
1088 1116 1176 1193 dare,
1197 1142 1329 1185 consue·

237 1218 259 1247 ‘⁴
276 1205 356 1271 rint:
381 1205 448 1292 ejus
462 1203 509 1269 rei
526 1202 689 1290 Populum
705 1200 887 1267 Romanum
899 1225 965 1267 esse
979 1206 1123 1268 testem.''

283 1292 331 1357 15.
358 1291 431 1356 Hoc
445 1312 596 1378 responso
609 1288 698 1364 dato,
709 1286 860 1353 discessit.
907 1288 1040 1355 Postero
1050 1290 1102 1355 die
1114 1303 1219 1362 castre
1232 1315 1273 1357 ex
1287 1317 1327 1358 eo

174 1414 178 1421 ·
235 1380 307 1445 loco
333 1388 477 1443 movent:
510 1376 593 1441 idem
616 1375 693 1439 facit
721 1374 829 1439 Oaesar
851 1374 1097 1465 equitatumque
1123 1379 1261 1454 omnem,
1285 1380 1328 1448 ad

234 1487 402 1531 numerum
421 1474 563 1552 quatuor
575 1460 711 1535 milium,
748 1484 820 1525 uem
832 1462 968 1526 exomni
982 1462 1152 1528 Provincia
1165 1477 1199 1529 et
1212 1464 1327 1531 AEduis

233 1566 332 1640 atque
346 1574 458 1616 eorum
473 1548 564 1615 sociis
577 1560 722 1613 coactum
778 1546 890 1621 bebat,
905 1550 1089 1635 praemittit,
1111 1550 1168 1637 qui
1184 1551 1325 1627 videunt,

233 1662 313 1727 quus
329 1638 360 1702 in
374 1650 481 1739 partes
494 1635 599 1699 hostes
614 1636 675 1699 iter
690 1633 818 1698 faciant.
864 1633 942 1709 Qui,
957 1658 998 1699 cu
1024 1636 1105 1701 idius
1118 1636 1327 1703 novissimum

231 1746 358 1813 agmen,
374 1724 518 1797 insecuti,
535 1722 640 1787 alieno
655 1721 726 1786 loco
745 1742 818 1783 cum
833 1720 981 1807 equitatu
999 1659 1224 1788 ilelvetiorum
1240 1747 1327 1812 proe-

232 1812 311 1877 lium
326 1812 547 1877 committunt:
571 1820 604 1873 et
641 1808 712 1873 auci
735 1806 776 1872 de
797 1807 914 1872 nostris
935 1807 1064 1873 cadunt.
1109 1810 1186 1884 Quo
1207 1811 1326 1898 proelio

231 1898 350 1963 sublati
368 1897 522 1973 Helvetii,
546 1833 641 1983 quod
649 1894 833 1982 quingentis
851 1893 1015 1995 equitibus
1038 1907 1160 1959 tantam
1175 1895 1324 1963 multitu·

229 1984 336 2051 dinem
360 1985 508 2072 equitum
539 1982 765 2071 propulerant,
787 1980 937 2046 audacrus
962 1980 1144 2057 subsistere,
1167 2004 1324 2049 nonnum-

254 2094 328 2137 uem
342 2096 382 2135 ex
393 2070 561 2135 novissimo
575 2068 700 2156 agmine
714 2067 832 2154 proelio
842 2080 967 2132 nostros
979 2066 1128 2133 lacessere
1141 2084 1323 2157 coeperunt.

229 2095 338 2221 {resur
352 2180 426 2221 suos
439 2179 459 2219 a
474 2154 591 2242 proelio
604 2153 789 2217 continebat
801 2153 924 2217 rosetis
938 2151 1078 2218 habebat
1092 2155 1125 2219 in
1139 2156 1323 2243 praesentia,

228 2241 350 2309 bostem
366 2242 498 2328 rapinis,
514 2236 778 2327 pabulationibus
784 2237 1122 2386 ¹populationibusque
1137 2240 1322 2328 prohibere.

229 2327 281 2393 lte
293 2328 360 2431 dies
375 2328 503 2392 circiter
518 2324 698 2412 quindecim
710 2324 773 2388 iter
797 2336 940 2398 ecci-unt,
955 2325 1005 2388 uti
1019 2325 1103 2390 inter
1117 2328 1325 2397 novissimum

227 2414 366 2480 hostium
390 2435 504 2499 agmen
527 2424 561 2476 et
577 2410 887 2497 nostrumprimum
908 2432 974 2475 non
986 2411 1125 2500 amplius
1142 2414 1250 2502 quinis
1263 2430 1324 2484 aut

225 2501 306 2567 senis
321 2498 451 2564 milibus
463 2520 613 2588 passuum
627 2497 817 2561 interesset·
1172 2571 1176 2577 ἐ

276 2586 323 2651 16.
349 2584 483 2651 Interim
540 2583 661 2653 uotidie
693 2582 801 2647 cesar
830 2581 952 2649 AEduos
986 2583 1195 2667 frumentum,
1233 2590 1323 2676 quod

225 2686 328 2739 essent
343 2672 473 2762 publice
492 2608 641 2761 piilliciti,
656 2668 816 2757 flugitare:
841 2692 914 2734 nam
930 2682 1066 2759 propter
1081 2672 1216 2759 frigora,
1232 2677 1323 2763 quod

228 2761 336 2825 Gallia
356 2760 418 2825 sub
435 2756 730 2847 septemtrionibus,
753 2767 792 2820 ut
806 2767 880 2821 ante
894 2755 1029 2832 dictum,
1054 2760 1159 2846 positu
1172 2772 1233 2836 est,
1255 2784 1321 2829 non

225 2847 321 2911 modo
347 2846 507 2911 frumenta
533 2846 566 2909 in
590 2843 675 2931 egris
698 2854 826 2907 mature
852 2856 1042 2919 nouerant,
1069 2844 1122 2909 sed
1143 2868 1183 2909 ne
1205 2848 1321 2935 pabuli

225 2932 355 3020 quidem
374 2932 450 2996 setis
463 2952 580 3018 magns
593 2929 688 3017 copia
708 2929 770 2993 sub
813 2928 919 2994 tebet:
947 2954 987 2994 eo
1011 2943 1120 2995 autern
1142 2932 1320 3012 frumento,

225 3018 313 3105 quod
328 3016 457 3083 flumine
474 3016 571 3081 Arari
591 3014 725 3079 navibus
739 2952 944 3091 sulibexerat,
960 3028 1134 3105 propterea
1148 3018 1254 3085 minus
1269 3023 1321 3089 uti

249 3118 366 3184 oteret,
391 3103 480 3192 quod
503 3103 564 3168 iter
587 3101 630 3166 sb
645 3102 749 3165 Arare
771 3100 915 3167 Helvetii
936 3116 1132 3178 averterant,
1155 3128 1175 3170 e
1197 3106 1319 3194 quibus

223 3126 382 3259 discedere
395 3190 536 3257 nolebat.
583 3188 679 3253 Diem
690 3210 730 3253 ex
740 3188 792 3252 die
802 3188 919 3253 ducere
931 3188 1046 3263 AEdui;
1069 3191 1220 3267 conferri,
1233 3218 1319 3260 com-

205 3340 211 3353 ,
224 3279 362 3380 portari,
377 3278 483 3343 adesse
496 3276 612 3341 dicere.
659 3273 728 3340 Ubi
742 3298 775 3339 se
788 3274 910 3339 diutius
923 3276 998 3341 duci
1012 3276 1171 3343 intellexit
1185 3290 1219 3343 et
1233 3280 1319 3347 diem

224 3378 352 3440 tristare,
376 3364 507 3453 quodie
523 3362 720 3429 frumentum
742 3360 900 3427 militibus
914 3361 1021 3427 metiri
1036 3375 1219 3450 oporteret:
1244 3390 1318 3433 con·

223 3451 344 3516 vocetis
357 3474 470 3517 eorum
482 3448 694 3551 principibus,
707 3471 848 3536 quorum
859 3471 1007 3537 magnam
1018 3448 1145 3537 copiam
1159 3451 1192 3517 in
1206 3454 1320 3521 castris

222 3536 374 3613 habebat,
402 3537 434 3603 in
460 3535 508 3601 lus
529 3536 693 3602 Divitiaco
712 3548 746 3600 et
768 3534 872 3610 Lisco,
900 3535 957 3623 qui
981 3558 1104 3601 summo
1124 3538 1317 3625 magistratu

255 3757 338 3805 Alieno
347 3754 404 3805 luce
437 3747 632 3813 Oppouiturruc
643 3746 742 3796 Sallust.
827 3747 939 3811 conferri
947 3754 1181 3814 etoomposton'non
1189 3750 1318 3803 subtiliter

223 3819 282 3883 Jug.
301 3822 340 3867 61.
358 3817 417 3877 i.e.,
433 3823 582 3881 opportuno.
603 3812 633 3859 V.
649 3820 675 3861 et
685 3812 741 3861 Liv.
791 3810 945 3863 distinxerim
951 3832 959 3874 3
976 3822 1061 3877 putem
1076 3824 1160 3865 tamen
1175 3817 1282 3867 conferri
1298 3832 1315 3868 e

221 3887 313 3941 tm.
389 3906 396 3921 .
745 3903 751 3910 ·
790 3876 903 3942 singulis,
922 3878 1070 3941 comportari
1093 3880 1117 3928 in
1136 3896 1213 3931 unum
1230 3884 1315 3931 locum

255 3950 392 3997 Ernorlu.
400 3962 506 4009 nom
541 3942 592 3993 Alii
602 3949 634 3991 et.
791 3941 826 4001 id,
841 3944 908 4006 quod
925 3942 1188 4007 singulicontulersnt.
1221 3948 1314 3996 lumc-

255 4012 463 4061 Polzulutlonibus.
506 4011 562 4059 lloc
584 4008 686 4056 verbum
707 4005 741 4055 ub
790 4008 1260 4073 tophnGnestdSpor‘KuSuetdyuSu.
1275 4012 1312 4061 lli.

219 4078 276 4125 edd.
294 4076 377 4139 vulgg.
394 4076 474 4134 obest,
493 4076 568 4137 culpa
586 4070 680 4121 Vossii.
703 4072 742 4120 ul.
825 4074 928 4121 Sedrrci.
960 4072 1001 4121 Sic
1016 4074 1115 4121 Terent.
1130 4074 1233 4125 Phorm.
1245 4082 1270 4137 t,
1287 4082 1311 4133 2,

222 4139 340 4190 Restituit
351 4140 435 4187 Dacis.
794 4138 831 4185 ld.
848 4138 1102 4199 utptakrausrertu
1109 4140 1187 4189 duom
1194 4157 1242 4190 me.

252 4208 313 4256 Dies
321 4206 432 4269 quinum.
449 4201 501 4253 dlii
511 4203 644 4251 duorlecim.
824 4202 981 4265 anunutu,
996 4201 1080 4250 dstivo
1091 4218 1149 4252 casu
1160 4204 1215 4253 sine
1224 4219 1311 4255 ecces-

254 4272 386 4321 Purruum.
405 4269 429 4317 in
441 4268 501 4317 eliis
510 4268 587 4315 deest.
605 4281 653 4313 non
665 4262 740 4323 mule,
789 4263 858 4313 sione
867 4266 963 4313 vocalis
978 4268 997 4324 1,
1011 4268 1079 4329 quod
1095 4269 1206 4317 solemne
1217 4267 1310 4319 Caesnri

218 4336 255 4387 sie
267 4342 293 4383 et
302 4334 363 4384 alibi
375 4332 465 4392 Coesur,
478 4340 506 4380 ut
516 4347 538 4379 c.
551 4332 591 4378 41.
603 4336 626 4389 2,
638 4334 677 4380 30.
688 4338 738 4378 etc.
788 4328 874 4387 luisse,
895 4329 992 4379 Gellius
1008 4330 1040 4379 N.
1058 4334 1090 4382 A.
1107 4337 1131 4391 4,
1140 4336 1189 4392 '¹63
1205 4334 1309 4383 demon-

256 4400 452 4451 Utuntedictum.
463 4394 691 4459 Aurespicitverbn
697 4403 740 4442 cu·¹
788 4393 880 4443 stravit.
892 4396 981 4445 cottae
997 4396 1071 4445 Plura
1080 4396 1309 4461 exemploOuden-

137 4531 138 4535 Ἰ
218 4458 739 4532 piusprimisrerffitausepumotouurlr.
787 4458 890 4525 dorpitu
903 4460 1017 4529 collegit.
1049 4460 1088 4512 Dc
1103 4476 1202 4514 nmmo
1212 4464 1310 4517 Educ·
