2909 4809
233 283 303 355 444
409 279 455 346 A.
478 277 630 348 nlttrtt
653 278 718 352 DE
742 275 1159 353 mutuom-mxumo.

232 490 322 538 nasse
346 469 535 558 inpotenter
556 467 765 558 Ganymeden
782 467 962 544 docuimus,
983 468 1142 539 deducere
1160 489 1201 536 ex
1216 463 1340 562 Regno

232 556 368 632 statuit;
397 578 437 623 ne
459 579 525 644 qua
545 577 655 622 rursus
674 578 760 624 nova
772 555 935 638 dissensio,
950 556 1139 646 priusquam
1152 550 1338 622 diurnitate

233 641 503 710 confirmarentur
518 639 646 730 Regum
660 641 806 732 imperia,
823 667 882 731 per
896 643 1037 710 homines
1051 642 1216 710 seditiosos
1228 666 1337 710 nasce·

234 725 338 798 r‘etur.
398 728 540 817 Legione
565 741 719 796 veterana
744 742 835 799 sexta
860 753 965 798 secum
988 730 1272 818 retinam-ceteras
1286 729 1335 796 ibi

234 811 381 907 reliquit,
408 841 475 905 quo
503 815 627 882 firmius
654 831 738 883 essct
766 841 877 888 eorum
892 815 1033 904 ,Regum
1062 818 1105 882 im
1148 819 1245 893 rium,
1274 815 1334 905 qui

233 927 341 994 neque
360 927 501 972 amorem
521 925 654 969 snorum
674 903 794 972 habere
814 915 978 994 poterant,
1001 903 1090 992 quod
1105 841 1245 972 fideliter
1259 927 1334 994 per·

151 1038 155 1046 ·
233 989 777 1070 manserantinCaemrisamicitia3
796 991 1335 1077 usquevetustatisauctoritatcm,

235 1078 347 1170 paucis
357 1074 471 1144 diebus
487 1073 594 1164 Reges
606 1077 793 1147 constituti:
817 1077 912 1142 simul
924 1077 964 1143 ad
976 1077 1101 1179 imperii
1115 1077 1217 1146 nostn'
1230 1077 1334 1166 digni-

234 1177 336 1232 tatem
350 1165 572 1250 vilitatemque
583 1163 747 1252 publicam
762 1164 923 1256 pertinere
936 1163 1151 1240 existimabat,
1166 1164 1193 1230 si
1206 1187 1335 1252 perma-

234 1263 349 1320 nerent
363 1251 394 1317 in
409 1247 474 1317 fide
487 1248 606 1339 Reges,
621 1250 777 1340 presidiis
790 1276 844 1318 eos
861 1251 977 1318 nostris
990 1275 1055 1318 esse
1071 1263 1159 1318 tutos
1172 1274 1181 1326 ;
1209 1263 1243 1318 et
1262 1250 1334 1328 hoa,

128 1331 145 1382 ⁶·
234 1338 263 1406 si
287 1351 389 1404 essem
412 1337 544 1426 ingrati,
566 1361 656 1426 posse
670 1337 783 1407 iisdem
798 1338 954 1440 praesidiia
969 1338 1119 1406 coerceri.
1164 1337 1220 1404 Sic
1236 1336 1335 1405 rebus

235 1425 384 1577 omnibga
394 1423 547 1525 confectis
557 1437 592 1490 et
605 1425 790 1504 conlocatis,
805 1451 873 1514 ipse
887 1425 1001 1492 itinere
1012 1425 1158 1494 terrestri
1168 1425 1334 1514 profectus

236 1524 285 1580 est
300 1534 334 1578 m
396 1535 488 1578 ruam.

255 1593 260 1600 ’
279 1599 334 1664 34.
392 1623 446 1667 um
460 1596 570 1665 lmcin
699 1612 735 1666 to
752 1613 925 1688 geruntur,
940 1623 998 1666 rex
1017 1597 1191 1666 Deiotarus
1207 1599 1249 1666 ad
1264 1599 1332 1666 Do-

236 1685 363 1755 mitium
385 1685 567 1761 Calvinum,
588 1688 639 1752 cui
685 1709 764 1752 mser
783 1687 894 1768 Asiam
908 1685 1132 1772 finitumasque
1176 1685 1333 1752 revincite

236 1771 502 1842 administrandas
527 1773 755 1849 transdiderat,
784 1774 871 1840 venit
900 1786 1039 1848 oratum,
1076 1795 1116 1838 ne
1147 1710 1333 1838 irmeniam

236 1859 405 1935 minorem,
443 1859 595 1947 Regnum
629 1883 736 1932 suum,
769 1883 849 1926 neve
888 1857 1142 1950 Cappadociam,
1179 1857 1332 1947 Regnum

237 1945 478 2022 Ariobarzanis,
491 1945 643 2036 possideri
655 1945 839 2038 vastarique
851 1957 1051 2036 pateretura
1065 1943 1248 2012 Pharnace:
1264 1967 1331 2034 quo

237 2032 322 2100 malo
334 2033 393 2100 nisi
407 2031 634 2109 liberarentur,
650 2033 807 2122 imperata
822 2057 853 2099 se
875 2035 982 2099 facere
1001 2031 1233 2120 pecuniamque
1256 2055 1330 2120 pro-

236 2121 361 2190 mioeam
378 2119 496 2188 Guari
512 2143 576 2186 non
590 2143 682 2208 pocae
696 2119 893 2210 persolvere.
936 2119 1111 2194 Domitius,
1126 2141 1190 2186 non
1204 2129 1331 2184 tantum

236 2201 280 2276 ad
304 2204 507 2295 explicandos
529 2221 653 2272 sumtus
678 2207 723 2272 rei
750 2207 897 2274 militaris
923 2229 1023 2295 quum
1045 2205 1214 2296 pecuniam
1228 2229 1331 2272 necea-

235 2293 352 2362 sariam
376 2316 442 2360 esse
468 2291 642 2378 judicaret,
668 2294 840 2360 sedetiam
865 2305 961 2382 turpe
985 2293 1114 2444 Popplo
1136 2291 1284 2358 Romano
1297 2306 1330 2360 et

238 2382 357 2450 conari
365 2380 494 2455 victori,
507 2379 568 2444 sibi
593 2404 633 2444 ue
641 2380 769 2457 infame,
783 2405 849 2446 esse
860 2392 1030 2456 statueret,
1074 2403 1158 2468 egna
1172 2379 1330 2447 sociorum

234 2481 333 2558 atque
359 2465 535 2532 amicorum
550 2403 593 2531 ai
607 2482 741 2533 externo
756 2466 848 2568 Rege
870 2467 1039 2556 oocupsri3
1063 2467 1194 2534 nuncios
1210 2467 1329 2534 confes-

233 2556 295 2623 tim
309 2553 351 2620 ad
369 2553 556 2620 Pharnacen
574 2553 670 2632 misit,
687 2554 903 2621 Armeniaca
929 2550 1128 2656 padociaque
1146 2553 1330 2631 decederet,

233 2667 327 2717 neve,
344 2641 554 2730 occupatione
567 2641 648 2708 belli
661 2640 776 2718 civilis,
804 2579 928 2730 Popup
950 2639 1086 2706 Romam
1109 2641 1162 2728 jus
1186 2643 1330 2730 majesta-

235 2742 367 2818 temque
386 2740 537 2794 tentaret.
586 2727 679 2794 Hanc
694 2727 970 2796 denunciationem
982 2749 1081 2830 quum
1097 2727 1251 2816 majorem
1265 2727 1330 2795 vim

232 2815 420 2886 habituram
434 2815 643 2894 existimaret,
666 2815 692 2880 si
713 2815 848 2904 propius
862 2839 913 2881 eas
929 2838 1072 2904 regiones
1087 2835 1161 2880 cum
1183 2813 1328 2882 exercitu

266 3027 395 3078 Dedueera
403 3042 435 3076 sa
446 3027 535 3089 Repao
544 3030 639 3078 atmatt·
670 3025 757 3076 Finito
805 3027 935 3076 tummodo
947 3033 1045 3091 partem
1058 3023 1139 3094 Regni
1153 3024 1260 3089 paterni,
1267 3025 1328 3088 Boa-

231 3091 311 3151 belio,
325 3091 412 3143 Ceam
431 3089 564 3151 Arsinoen,
577 3107 627 3142 non
645 3090 701 3140 sine
718 3092 757 3142 io·
806 3107 897 3155 porum
908 3091 1106 3152 Cimmerium,a
1117 3089 1244 3154 Pompeio
1254 3105 1327 3140 acce·

182 3200 185 3207 ,
230 3155 309 3214 vidia,
328 3157 355 3206 iu
370 3157 503 3220 triumpho
521 3157 604 3207 duxit.
619 3155 670 3205 Dio
682 3157 755 3208 eso.
805 3166 875 3219 perat
885 3171 909 3205 a.
921 3173 944 3206 v.
957 3161 1013 3206 691.
1026 3156 1075 3205 Dio
1085 3155 1157 3206 Casa.
1168 3157 1209 3214 tt,
1225 3159 1262 3206 ts.
1280 3155 1324 3206 tus

231 3225 272 3283 ⁴2,
286 3226 323 3272 ta.
341 3225 382 3272 M.
805 3222 939 3296 Appiano·
959 3222 989 3272 Β.
1009 3221 1099 3272 Mithr.
1122 3237 1148 3285 p.
1171 3221 1217 3270 ast
1247 3221 1326 3280 addit,

266 3290 340 3352 Rapis
358 3291 475 3354 inspecta.
502 3285 565 3350 leg.
581 3303 641 3336 cnm
656 3286 757 3352 Lipsio,
804 3285 888 3337 diviso
898 3285 1055 3336 Mithridatis
1066 3287 1165 3350 Regno,
1177 3287 1269 3336 eodem
1282 3285 1325 3336 iliu

231 3351 690 3419 Beniamiessieopatmet
706 3354 757 3403 tra·
803 3359 917 3428 tempore
944 3351 1109 3401 Ariobarzani
1133 3350 1325 3414 Cappadociam

229 3417 290 3468 tris:
311 3421 353 3468 ael
369 3435 429 3468 cum
450 3417 567 3476 Daviaio,
589 3419 688 3482 Repetas
705 3422 756 3468 im·
802 3417 1028 3468 adtributameaae.
1057 3416 1327 3480 VolebatergoPhar-

226 3481 635 3600 ffir'dleodlgiiarmieiiliaaet
647 3483 756 3610 gea-8,
803 3495 1163 3610 pgumrecpcpgmrpbpmepe
1174 3490 1324 3598 Gegrrenuss

229 3613 339 3679 recipio.
371 3613 438 3663 0ud.
448 3611 610 3677 conjectabat
619 3615 698 3676 Rapta
706 3617 756 3662 iaa-
804 3612 928 3678 Pompeio
939 3612 1070 3687 occupatis
1080 3581 1149 3661 tiene
1157 3611 1239 3671 civili,
1246 3611 1325 3662 neto

222 3697 387 3798 museto.
414 3743 510 3804 Melior
519 3743 628 3819 vulgata,
637 3742 753 3794 Μυσία.
802 3682 1038 3803 'Balanitae
1055 3743 1093 3792 Μ.
1122 3677 1325 3817 ..dgmm

227 3813 267 3862 Μ.
293 3813 560 3876 Sedmorprecessst.
836 3811 999 3876 Imperatore
1002 3809 1099 3874 sacme-
1109 3824 1146 3860 arc
1157 3809 1231 3860 codd.
1240 3805 1322 3871 Vulgo

263 3877 460 3928 Prummu.
476 3874 753 3940 tomnpaoasouad.
797 3875 853 3924 citt.

228 3941 342 4006 veiap.
352 3943 378 3992 d.
388 3951 417 3992 ut
425 3941 531 4005 conjicit
543 3939 666 3990 Juriniua.
836 3941 893 3990 Noa
903 3955 982 4005 posse.
1014 3937 1324 3990 Additursecitraueoea·

267 4007 610 4072 remortcaapedeuri.
800 4003 908 4056 citatem.

263 4075 407 4122 vam.
444 4072 487 4122 Ci.
513 4089 538 4121 c.
562 4073 603 4120 6¹1.
622 4067 753 4120 Ciceronis
835 4072 950 4135 Otaupat.
970 4071 1028 4122 teuc
1045 4075 1092 4122 cis.
1116 4069 1178 4135 quia
1208 4072 1323 4145 populus,

230 4137 379 4199 orationem,
400 4153 446 4203 pro
465 4153 498 4188 eo
519 4136 644 4196 habitam,
661 4142 753 4187 norunt
800 4143 940 4201 occupatus
953 4137 1016 4188 -boc
1036 4137 1113 4198 betto,
1135 4135 1282 4202 procinctos
1295 4143 1321 4183 et

228 4217 326 4260 omnes.
343 4203 381 4252 Μ.
799 4209 901 4254 estesm
915 4202 1049 4256 detondere
1063 4218 1094 4258 ac
1106 4217 1194 4264 eumne
1205 4215 1324 4270 ooo-poa-

261 4263 679 4330 Ptmooec,tttmridatist1ius,
697 4275 753 4320 tan-
799 4275 844 4318 aet.
858 4268 894 4322 Μ.
