2909 4809
222 255 290 324 tao
395 258 436 322 A.
454 251 614 346 ‚thutl
636 255 701 334 DE
724 255 877 325 BELLO
900 251 1156 324 AFRICANO.

221 443 314 524 lium,
328 467 447 548 magno
460 457 551 512 metu
564 467 602 512 ac
616 444 809 513 tristimonio
823 443 1090 514 sollicitabantur.
1117 443 1225 510 Purra
1237 440 1329 508 enirn

222 555 297 598 cum
319 555 427 621 copra,
453 545 488 598 et
502 532 710 612 cedrenum,
798 558 839 600 ue
860 530 945 600 omni
968 531 1126 632 expositu,
1139 531 1182 631 ,in
1208 527 1330 594 Africa

219 631 333 686 contra
359 643 391 686 m
513 619 635 710 copias,
659 633 695 686 et
718 620 778 686 insi
801 619 873 688 ‘osae
900 618 1046 692 nationis,
1072 627 1329 704 equitatumque

220 642 499 784 innumeratiilild,
523 730 558 774 se
582 709 743 796 expositos
766 707 939 786 uidebunt;
961 727 1066 793 neque
1081 702 1329 792 quidquamso·

220 791 291 858 latii
302 793 336 858 in
375 793 532 868 resectio,
547 815 652 896 neque
664 793 822 860 auxilium
835 794 868 858 iu
882 815 1013 860 suorum
1030 790 1162 858 consilio
1179 790 1328 856 anirnum

222 877 357 945 adverte
400 891 449 956 nt,
471 879 529 946 nisi
546 881 580 945 in
595 881 694 969 ipsius
709 879 918 969 Imperatoris
931 878 1040 954 vultu,
1056 878 1183 966 vigore,
1196 873 1331 942 mirabi-

222 963 313 1052 lique
327 965 510 1043 hilaritate3
530 966 672 1032 animum
684 966 769 1032 enim
788 966 891 1033 altum
904 980 938 1032 et
950 978 1095 1032 erectum
1108 987 1177 1052 prae
1187 987 1220 1030 ss
1234 985 1331 1052 gere·

47 1057 54 1076 ¹
150 1111 154 1118 .
224 1051 293 1118 but.
340 1052 428 1119 Huic
441 1052 691 1141 adquiescebant
705 1053 860 1130 homines,
881 1065 915 1120 et
929 1053 962 1118 in
976 1052 1045 1142 ejus
1058 1050 1192 1118 scientis
1206 1062 1330 1117 etoon·

221 1138 295 1204 silio
308 1139 416 1206 omnia
427 1141 489 1212 sibi
502 1139 661 1227 proclivia
672 1163 780 1206 omues
794 1141 865 1206 lore
876 1140 1064 1230 sperabant.

271 1225 322 1290 11.
347 1225 467 1304 Cesar,
491 1249 557 1292 una
578 1238 673 1294 nocte
693 1227 726 1292 in
749 1227 883 1294 navibus
897 1239 1075 1306 consumta,
1097 1225 1166 1314 jam
1184 1225 1263 1292 caelo
1276 1223 1327 1290 al-

224 1311 336 1388 bente,
350 1335 454 1401 quum
467 1312 624 1402 proficisci
633 1326 822 1390 sumetur,
835 1313 943 1380 subito
953 1314 1083 1380 narium
1097 1335 1185 1402 pars,
1206 1313 1246 1378 de
1259 1315 1330 1413 qua

225 1397 374 1475 timebat,
400 1424 442 1466 ex
463 1424 573 1466 errore
597 1399 713 1468 eodem
739 1401 975 1468 conferebatur.
1022 1399 1096 1466 Hac
1119 1423 1156 1466 re
1182 1413 1329 1488 cognita,

205 1567 208 1574 Ι
227 1485 335 1553 Cesar
346 1485 497 1556 celeriter
507 1488 548 1555 de
563 1489 699 1555 mribus
713 1487 854 1577 imperat
863 1509 972 1558 omnes
985 1485 1096 1576 egredi
1110 1499 1211 1575 atque
1223 1509 1331 1552 mma·

225 1583 279 1638 tos
290 1573 326 1639 in
337 1571 434 1640 litore
444 1573 590 1663 reliquos
600 1575 807 1644 advenientes
821 1574 937 1642 milites
950 1585 1150 1664 exspectare.
1195 1571 1329 1660 leque,

224 1657 292 1726 sine
314 1683 406 1728 mora
427 1662 562 1730 navibus
586 1662 633 1729 eis
654 1663 687 1729 in
701 1675 836 1752 portum
849 1661 999 1752 receptis,
1015 1673 1050 1728 et
1064 1659 1220 1738 advectis,
1244 1657 1329 1724 mili-

146 1774 150 1789 =
225 1758 298 1812 tum
311 1747 525 1837 equitumque
544 1749 657 1838 copiis,
678 1773 790 1816 rursus
808 1749 852 1816 ad
875 1748 1034 1839 oppidum
1049 1747 1230 1837 Ruspinam
1243 1744 1332 1811 redit

226 1846 339 1920 atque,
365 1834 411 1901 ibi
434 1837 546 1903 cestris
566 1837 759 1914 constitutis,
782 1838 793 1901 i
870 1861 945 1904 cum
960 1836 1148 1902 cohortibus
1170 1833 1328 1922 expediti

227 1920 365 2009 triginta
391 1922 627 1990 frumentatum
653 1935 702 1990 est
728 1948 791 2014 pro
824 1937 907 1990 ctus.
952 1923 1003 1989 Ex
1031 1945 1070 1988 eo
1094 1933 1143 1987 est
1164 1921 1332 2009 cognitum

229 2007 366 2074 Cauris
383 2010 564 2088 consilium,
586 2011 680 2078 lllum
701 2035 775 2078 curu
801 2009 1057 2078 classenevibus
1070 2007 1235 2084 onerariis,
1257 2031 1333 2094 quse

229 2093 441 2174 deerrassent,
468 2096 610 2164 subsidio
631 2098 678 2163 ire
702 2098 786 2164 clam
807 2097 955 2164 hostibus
969 2095 1116 2173 voluisse,
1139 2118 1181 2162 ne
1194 2118 1271 2160 casu
1284 2093 1332 2158 in-

229 2181 406 2269 prudentes
426 2207 492 2250 snre
511 2207 608 2252 naves
632 2185 665 2250 in
691 2185 822 2252 classem
843 2183 1103 2250 edversariorum
1131 2181 1330 2248 inciderent:

229 2291 271 2334 ne
295 2293 336 2334 ue
350 2292 422 2334 eam
436 2294 505 2336 rem
517 2295 572 2336 eos
584 2271 722 2338 voluisse
737 2271 828 2348 scire,
851 2275 908 2359 qui
930 2272 962 2336 in
984 2268 1137 2360 praesidiis
1160 2268 1268 2336 relicti
1281 2267 1332 2331 sui

229 2293 347 2421 miltes
359 2356 504 2432 fuissent,
519 2357 569 2421 uti
585 2357 664 2422 nihil
710 2370 824 2446 ropter
838 2381 970 2424 suorum
985 2356 1182 2444 paucitatem
1202 2369 1236 2421 et
1258 2353 1331 2420 hos·

229 2440 313 2505 tium
327 2440 568 2522 multitudinqm
582 2455 672 2508 metu
685 2381 873 2510 deficerent.
911 2491 914 2498 ⁴
1028 2489 1030 2494 ,

246 2533 250 2546 '
278 2528 327 2592 12.
351 2526 498 2605 Interim,
524 2551 627 2615 quum
645 2530 713 2618 jam
735 2531 842 2596 Caesar
868 2553 1055 2620 progressus
1077 2541 1159 2596 esset
1178 2552 1198 2594 a
1215 2526 1329 2594 castris

200 2659 205 2670 ,
228 2612 357 2680 circiter
370 2614 458 2680 milia
472 2637 624 2703 passuum
638 2617 713 2693 tria,
781 2641 798 2682 r
818 2617 1035 2708 speculatores
1061 2629 1096 2682 et
1115 2629 1329 2682 antecessores

227 2701 355 2786 equites
369 2701 541 2768 nunciatur
554 2701 596 2778 ei,
611 2703 721 2791 copies
735 2641 875 2769 llistiutn
893 2702 978 2769 laud
993 2701 1089 2789 longe
1100 2704 1143 2769 ab
1156 2727 1222 2768 sese
1236 2701 1327 2768 visas.

229 2785 278 2852 Et
291 2786 424 2853 hercule
435 2811 511 2856 curn
525 2811 564 2854 eo
579 2790 695 2856 nuncio
734 2789 817 2856 ulvis
840 2791 950 2878 ingens
965 2789 1104 2878 conspici
1128 2803 1256 2892 coeptus
1268 2800 1327 2853 ast.

231 2871 306 2939 Hac
319 2898 355 2940 re
373 2875 515 2962 cognita,
538 2875 646 2942 Cesar
668 2813 817 2942 celdritar
828 2877 924 2966 jubet
938 2876 1118 2964 equitatum
1133 2897 1327 2948 universum,

229 2961 322 3050 cujus
335 2961 462 3049 copiam
472 2961 589 3029 habuit
600 2963 633 3029 in
647 2965 817 3052 praesentia
831 2985 895 3029 non
909 2985 1071 3051 magnam,
1087 2973 1121 3028 et
1134 2961 1328 3050 sagittarios,

267 3131 756 3202 &mammoneamque
805 3138 952 3203 scriptorem
965 3153 1049 3188 rursus
1068 3138 1133 3188 dicit
1149 3151 1273 3188 summsm
1292 3137 1328 3187 rei

233 3204 320 3251 isus.
804 3203 842 3253 its
861 3203 1004 3264 strinxisse,
1035 3213 1063 3253 ut
1085 3203 1226 3253 lectoribus
1246 3204 1326 3254 multu

272 3268 368 3332 Vim.
398 3267 456 3318 Lir.
478 3272 504 3329 7,
524 3275 547 3317 ⁴.
569 3269 697 3320 staturalis
719 3271 756 3318 si·
805 3267 939 3334 cogitanda
955 3277 981 3317 et
999 3268 1148 3332 explicanda
1167 3269 1328 3333 relinquerat.

235 3336 330 3397 poris.
806 3337 843 3383 Ac
855 3333 923 3382 dedit
941 3331 985 3382 ille
1001 3333 1141 3383 virdoctus
1160 3347 1274 3398 operam,
1290 3341 1325 3394 ut,

270 3399 407 3448 Prodrss'e
440 3396 493 3447 nui
507 3401 627 3462 portus.
804 3397 951 3474 quosdfleri
962 3405 1057 3463 posset,
1078 3397 1167 3462 peritis
1183 3398 1328 3449 reimilitn·

274 3465 316 3512 vs·
330 3465 405 3512 mnu.
431 3463 473 3512 Sic
490 3464 604 3514 codicesc
620 3465 707 3530 vulgo,
722 3459 765 3515 sse'
806 3479 842 3514 rss
862 3479 962 3514 ornnem
986 3465 1092 3513 modum
1109 3473 1185 3528 atque
1205 3464 1327 3514 rationem

233 3529 282 3579 tut.
303 3529 342 3576 Μ.
372 3525 467 3604 Tereqt
478 3531 556 3578 Andr.
570 3532 592 3588 l,
602 3533 627 3591 2,
640 3533 681 3580 80.
691 3533 757 3581 nittt
805 3529 844 3578 rei
862 3529 978 3604 gerendse
996 3529 1191 3604 demonstraret:
1208 3527 1251 3578 sed
1266 3545 1325 3605 cum

235 3593 621 3710 tumr„
636 3664 759 3711 .....
806 3595 1326 3734 tenuerittcnuerit

237 3727 473 3787 commeminit.
488 3723 530 3772 01.
541 3726 596 3774 lud.
805 3735 859 3774 tero
866 3739 944 3788 opere
952 3722 1103 3783 (Meriones
1111 3723 1266 3788 critiqueset
1277 3725 1327 3774 his-

271 3787 370 3838 Hsm
384 3793 642 3852 ermom-m
670 3789 768 3854 Sequi·
805 3790 919 3854 toriques
935 3788 967 3838 T.
978 3790 1003 3837 4.
1016 3805 1041 3854 p.
1057 3793 1121 3852 tw),
1143 3789 1189 3840 ubi
1207 3791 1326 3840 nsrmtio-

236 3850 408 3913 turnsrrstio,
424 3855 516 3929 deque
530 3853 679 3905 Guisclnrdi
688 3855 764 3919 judi*
806 3869 864 3904 netu
883 3855 948 3904 hanc
959 3868 974 3902 u
986 3869 1011 3902 c.
1025 3857 1053 3903 lt
1065 3871 1145 3918 usque
1163 3853 1197 3904 sd
1212 3857 1240 3904 17
1252 3853 1325 3906 vertit

236 3917 307 3968 cinus
321 3916 415 3976 (Mksn.
425 3919 503 3969 milit.
518 3917 551 3968 Τ.
567 3924 592 3968 2.
603 3936 630 3983 p.
644 3923 696 3970 196.
716 3920 758 3969 sel
806 3920 1075 3984 etinterpretstusest.
1110 3918 1149 3970 dt.

234 3983 269 4032 Τ.
279 3987 306 4031 t.
315 3999 342 4046 p.
352 3984 412 4043 278)
422 3983 562 4047 adscripsi:
584 3987 645 4036 Torst
660 3983 759 4036 lsrdcs't
840 3987 989 4049 &quassu
1008 4009 1044 4036 -.
1062 3989 1161 4035 arcessi.
1193 3983 1235 4034 Sic
1251 3985 1324 4034 codd.

141 4064 144 4073 ¹
236 4047 759 4112 qsefdflirts'usdecottescttomrt
805 4049 876 4100 boni.
909 4049 1326 4114 Addiderimemtpostnsssssrsr.

233 4110 581 4171 mmmmm,
610 4115 759 4166 etl'ottno
807 4115 1324 4180 Vulgouaq.qsumpmssecam's

232 4177 758 4244 „erumpendi-epdomadis·
804 4179 1325 4242 smwmssmmmliicrrsr·

235 4238 446 4308 psentds'tuts‘os.
473 4243 565 4296 Psullo
576 4251 635 4308 post
644 4245 684 4311 (p.
695 4247 758 4306 tas)
805 4249 895 4298 cithu.
913 4245 967 4298 lud.

443 4305 489 4371 ὁ,
