2909 4809
123 630 128 639 ’
229 619 253 652 “
267 610 474 684 subventum,
499 619 620 698 preter
634 611 781 714 ipssmA

122 307 128 314 '
230 333 296 401 490
384 333 426 399 s.
452 329 605 444 muru
628 331 693 402 nu
714 329 868 402 tutuo
892 283 1148 404 lrmclno.

230 531 255 564 ‘⁶
269 543 333 608 que
346 519 448 588 everti
471 522 515 588 sb
530 522 595 588 suis
608 522 759 588 inimicis:
783 523 871 674 quod
892 523 949 590 nisi
964 523 1116 590 celeriter
1137 519 1231 588 sociis
1250 519 1344 588 foret

797 609 894 680 rionm
909 624 1030 678 terrum
1045 611 1137 688 nihil,
1159 631 1199 674 no
1214 621 1344 674 tectum

230 707 254 740 “
269 695 416 784 quidem,
466 717 510 761 uo
531 721 565 762 se
589 709 779 786 temperent,
805 697 847 764 eb
863 699 994 765 illorum
1016 698 1135 764 scelere
1154 696 1344 782 insidiisque

230 795 253 826 “
270 784 432 872 reliquum
443 719 627 850 iutumm.”
671 785 784 872 Atque
805 785 871 872 ipre
895 787 929 851 in
944 797 1122 852 tenuerat
1136 783 1343 852 fecimusne

195 929 199 942 ,
228 882 263 938 et
277 869 525 960 exspectatione,
548 883 586 936 nt
601 884 733 960 postero
756 870 821 947 die,
844 893 942 960 quum
960 873 1094 940 misisset
1116 868 1242 938 linens
1256 889 1341 936 uuu-

229 959 381 1045 ciumque
401 958 436 1022 in
463 957 616 1035 Siciliam,
640 957 770 1024 classem
795 960 1037 1048 exercitumque
1062 959 1181 1024 morsri
1201 958 1341 1032 diceret,

230 1045 299 1112 dies
312 1057 487 1132 noctesque
501 1045 611 1110 oculos
627 1059 832 1134 mentemque
845 1047 886 1112 sd
901 1069 989 1112 mure
1004 1047 1174 1134 dispositos
1185 1045 1343 1129 directos-

229 1153 295 1220 que
323 1131 468 1198 heberet.
530 1133 600 1198 Nec
629 1133 764 1198 mirum:
804 1134 1083 1200 animadvertebat
1118 1133 1216 1208 enlm,
1245 1131 1343 1198 villus

229 1220 334 1294 exuri,
358 1241 454 1306 egros
468 1221 601 1296 vastari,
624 1243 721 1306 pecus
735 1219 844 1308 diripi,
867 1219 1035 1296 trucidari,
1057 1219 1179 1308 oppidu
1192 1218 1342 1284 castellu-

231 1330 297 1394 que
310 1305 398 1374 dirui
412 1305 591 1406 deserique,
616 1308 778 1395 principes
790 1308 961 1373 civitatum
982 1319 1040 1372 aut
1060 1306 1210 1383 interfici,
1232 1318 1294 1372 sut
1308 1304 1343 1372 in

230 1395 350 1460 catenis
373 1394 488 1471 teneri,
512 1394 630 1459 hberos
653 1417 766 1459 eorum
787 1394 934 1460 obsidum
955 1393 1081 1460 nomine
1100 1395 1133 1458 in
1148 1395 1342 1460 servitutem

229 1479 352 1569 abripi,
374 1480 459 1545 iisse
474 1479 506 1545 in
521 1481 655 1546 miseriis
672 1501 828 1570 suamquc
842 1481 935 1548 fidem
952 1481 1201 1570 implorantibus
1214 1479 1341 1546 auxilio

229 1579 369 1672 propter
382 1568 547 1656 copiarum
560 1569 759 1656 puucitntem
772 1591 838 1634 esse
852 1591 917 1635 non
932 1589 1033 1656 posse.
1071 1567 1196 1633 Milites
1210 1567 1343 1632 interim

228 1677 262 1722 rn
278 1677 380 1746 opere
390 1677 553 1731 exercere,
565 1668 670 1720 costra
683 1655 820 1730 munire,
834 1667 952 1732 turres,
963 1652 1095 1726 metelle
1107 1655 1212 1720 fecere
1223 1653 1341 1723 moles·

230 1744 321 1833 qne'
380 1765 415 1806 re
430 1743 463 1807 in
475 1764 565 1807 mare
578 1764 643 1808 non
658 1743 885 1808 intermittere.
925 1766 939 1798 ο

203 1881 206 1889 .
318 1881 325 1896 .
351 1829 406 1894 Sci
430 1829 462 1895 io
475 1830 605 1895 interim
625 1829 811 1918 elephantos
832 1829 892 1896 hoc
914 1829 1011 1896 modo
1025 1827 1272 1896 condoceincere
1289 1825 1341 1894 iu·

229 1917 348 1984 stituit.
430 1939 485 1982 uus
506 1917 660 1982 instruxit
680 1917 778 1982 scies:
803 1937 902 1982 uuum
922 1917 1123 1983 funditorum
1144 1927 1258 1980 contre
1272 1913 1344 1980 ele·

228 2005 379 2096 phsutos,
394 2025 471 2090 qute
482 2005 575 2092 qussi
594 2003 855 2070 adversariorum
870 2005 976 2070 locum
1000 2004 1163 2070 obtineret
1176 2013 1210 2068 et
1223 2013 1345 2066 contre

196 2124 199 2136 ·
228 2115 343 2158 eorum
356 2091 498 2157 frontem
511 2093 678 2158 advenum
693 2090 822 2179 lapillos
837 2092 977 2157 minutos
989 2091 1150 2156 mitteret:
1173 2087 1291 2154 deinde
1307 2089 1343 2154 in

228 2179 376 2246 ordinem
399 2177 587 2267 elephantos
607 2179 788 2244 constituit:
812 2190 886 2266 post
902 2178 974 2244 illos
997 2189 1106 2244 autem
1128 2175 1228 2242 eciem
1247 2195 1344 2241 suam

229 2265 394 2340 instruxit,
417 2279 467 2340 ut,
490 2289 594 2355 quum
615 2268 658 2332 ab
671 2265 861 2331 adversariis
875 2264 1000 2366 lapides
1015 2265 1100 2330 mitti
1121 2264 1291 2352 coepissent
1307 2273 1346 2328 et

227 2352 393 2454 elephanti
407 2352 575 2438 perterriti
589 2375 622 2418 se
636 2351 678 2418 sd
693 2375 767 2419 suos
782 2363 1025 2429 converussent,
1039 2373 1150 2418 rursus
1164 2373 1184 2414 s
1198 2347 1343 2416 tusscie

228 2439 390 2532 lepudibus
414 2440 526 2518 missis,
553 2463 608 2505 eos
636 2453 864 2506 converterent
893 2439 1046 2506 adversus
1072 2437 1215 2512 hostcmt
1248 2435 1344 2526 qnod

226 2549 313 2616 aegre
334 2527 493 2615 tardeque
507 2526 622 2592 fiebat:
646 2526 744 2593 rudes
757 2522 843 2593 'enim
858 2525 1032 2616 elephanti,
1047 2526 1225 2592 multorum
1238 2543 1343 2590 suno·

229 2637 304 2682 rum
328 2614 476 2681 doctriua
503 2638 629 2704 neuque
654 2627 785 2681 vetusto
811 2615 865 2680 vix
893 2613 1015 2690 edocti,
1041 2625 1149 2682 tumeo
1175 2611 1342 2678 communi

233 2701 381 2792 periculo
395 2701 428 2768 in
441 2701 543 2770 aciem
555 2701 795 2790 producuntur.

275 2789 329 2854 28.
354 2789 443 2856 Dum
460 2788 528 2855 hmo
545 2789 589 2856 sd
605 2789 675 2856 Rus
699 2793 785 2856 inem
806 2790 849 2856 ub
864 2789 929 2855 utr‘
970 2813 1010 2856 ue
1025 2787 1174 2856 Ducibus
1187 2781 1342 2856 edusius·

215 2889 373 2954 ¹truntur,
402 2877 443 2944 C.
461 2875 631 2968 Virgilius,
657 2815 843 2952 liiaetorius
868 2877 925 2964 qui
978 2875 1079 2966 hapso
1101 2872 1225 2962 oppido
1242 2873 1343 2939 meri·

230 2976 323 3028 turno
349 2977 502 3052 praeerst,
532 2989 634 3051 quum
661 2963 950 3040 animadvertisset,
980 2985 1075 3030 rruvcs
1098 2959 1238 3050 singulus
1261 2967 1371 3031 oum'

229 3050 375 3117 exercitu
392 3049 538 3126 Cauris,
562 3052 701 3117 incertus
723 3053 869 3118 locorum
883 3063 985 3138 etque
998 3062 1177 3116 castrorum
1188 3069 1340 3126 suorum,

229 3159 271 3204 va
313 3137 353 3213 ri,
367 3137 565 3206 occasionem
576 3151 699 3216 nactus,
711 3161 838 3216 navem,
850 3161 950 3226 quam
961 3137 1007 3204 ibi
1019 3135 1134 3204 habuit
1145 3133 1340 3210 secusdum,
1368 3158 1371 3169 ·

159 3282 161 3287 .
229 3161 386 3294 militnm
409 3225 552 3311 complet
575 3239 609 3291 et
623 3227 799 3316 sagittariis
821 3239 855 3292 et
871 3223 978 3292 eidem
990 3223 1122 3312 scaphas
1143 3219 1183 3288 de
1198 3219 1340 3292 navibus

230 3313 380 3404 adjungit
401 3335 439 3378 sc
453 3312 594 3403 singulus
608 3335 704 3379 noves
718 3314 915 3380 Caesarisuus
933 3310 1110 3380 consectari
1124 3307 1233 3400 coepit·
1276 3307 1342 3386 Et,

264 3570 346 3632 Atque
359 3571 420 3631 ipre.
452 3565 495 3616 Sic
513 3565 576 3616 boui
594 3567 668 3616 codd.
702 3565 754 3618 Alii
805 3563 1116 3628 ct.SsnctiiMin.1‚1u.
1132 3561 1341 3628 estodium·

230 3633 435 3698 conjunctionem
445 3631 573 3680 omittunt.
743 3677 746 3684 ,
808 3633 890 3682 culm.

265 3701 412 3763 Dupodmr.
443 3695 495 3745 Alii
509 3699 638 3760 demades,
653 3705 682 3754 ut
696 3695 754 3747 Cic.
842 3697 925 3748 unus
935 3697 1068 3762 dentum,
1084 3696 1337 3762 quinondumprm-

230 3764 300 3815 Phil.
317 3768 356 3824 lt,
377 3765 416 3812 ll.
433 3767 506 3816 r‘n-
515 3770 626 3814 mentum
635 3771 756 3812 mutem·
804 3761 856 3822 liis,
867 3761 1041 3822 interfuerunt,
1052 3771 1187 3830 postquem
1197 3762 1275 3826 longo
1285 3759 1337 3809 de-

229 3845 280 3894 que
298 3831 441 3892 deponeres,
457 3835 483 3876 et
500 3829 590 3876 llorst.
607 3825 658 3878 Οὐ.
674 3831 697 3884 1,
713 3831 753 3890 ³6,
804 3843 875 3878 muru
891 3837 1015 3890 tempore,
1030 3837 1057 3878 et
1073 3843 1139 3892 egre
1150 3826 1266 3892 quidum,
1283 3841 1338 3890 po·

230 3895 540 3957 ltoerdmdepmerein.
803 3889 1262 3953 tueruntc‘oudocetieri‚tumen,cum
1271 3905 1338 3946 ren·

267 3961 411 4010 thurum.
458 3959 541 4022 Vulgo
572 3959 753 4022 mundarique,
803 3966 857 4008 tum
868 3965 907 4008 est
917 3959 950 4006 sd
963 3959 1092 4022 proelium,
1104 3967 1132 4008 et
1142 3957 1194 4006 ruis
1204 3965 1229 4006 ot
1241 3955 1334 4008 hostili

228 4022 272 4072 cui
294 4023 359 4074 vitio
380 4039 517 4086 operemm
539 4023 565 4072 in
587 4023 629 4072 ed.
648 4023 753 4072 (hilarii
803 4021 869 4074 nelei
890 4032 946 4073 sunt
966 4020 1114 4087 periculosi.
1148 4022 1270 4072 Fortassis
1289 4021 1336 4075 hic

226 4088 449 4204 mmngr‘thrroppe'do.
474 4089 755 4151 Cod.l’etuv.homr'nes
804 4087 1116 4204 estdsensuqdlpczdl’ro
1127 4090 1212 4204 eqqules
1233 4087 1335 4142 hubent

286 4172 294 4202 e
345 4171 363 4203 e.
822 4169 937 4204 urnmc
992 4190 999 4202 .
1080 4169 1105 4202 s·
1160 4167 1335 4204 uronerrero

263 4221 489 4270 thenasmus.
513 4219 753 4270 Aliimsemuero.
802 4170 907 4270 indm.
925 4219 963 4268 Μ.
996 4189 1334 4270 Ebonihooddfficuhre-

263 4285 376 4348 Lapilloe
394 4287 508 4334 nmmos.
540 4285 582 4333 Sic
598 4287 676 4333 cet.
689 4302 753 4348 por-
804 4283 874 4350 cepit
884 4285 969 4336 ruder.

184 4397 188 4403 ,
230 4351 426 4401 eutameuu.
459 4347 753 4410 v.etcic.Tusc.s,1.
841 4347 1129 4420 Thapso-alliThopsi.
