2909 4809
230 231 301 302 400
564 223 631 298 DE
652 217 805 297 BELLO
827 215 990 296 orvul.
1073 251 1076 256 ·

231 416 498 508 Pompeianorum
530 415 691 508 inpetum,
731 439 835 506 quum
864 415 1003 483 ¹adesset
1036 401 1126 490 u'sus,
1166 407 1324 479 adtinere

227 505 388 574 auderent
415 528 520 593 neque
551 527 746 594 magnopere
777 526 890 571 eorum
922 499 1130 569 multitudine
1160 511 1322 566 terreren-

229 607 296 660 tur.
354 592 506 694 Namque
540 593 637 658 etiam
671 614 730 680 per
765 605 827 657 eos¹
851 588 920 655 dies
956 585 1110 680 proelium
1141 585 1320 656 secundum

228 691 377 768 equestre
398 677 488 754 fecit,
508 689 609 766 atque
630 677 752 766 AEgum
774 676 988 764 Allobrogem
1007 697 1050 740 ex
1070 672 1209 750 duobus,
1263 693 1322 738 uos

230 765 326 870 perfu
351 767 409 832 isse
428 765 471 832 ad
493 764 683 854 Pompeium
701 787 802 851 supra
821 763 998 838 docuimus,
1027 783 1102 826 cum
1123 761 1203 849 quib
1285 783 1323 826 m

230 863 298 919 rute
328 852 404 918 ecit.

271 939 327 1004 85.
353 935 639 1026 Pompeiuaquia
656 948 763 1003 castra
787 935 820 1001 in
845 936 929 1002 colle
951 935 1105 1012 habebat,
1129 933 1172 1000 ad
1195 933 1316 1002 infimae

227 1023 349 1094 radices
362 1024 478 1091 montis
490 1025 590 1089 aciem
604 1023 785 1091 instruebat
797 1045 806 1096 ;
828 1045 966 1110 semper,
980 1035 1018 1087 nt
1032 1021 1214 1101 videbatur,
1229 1045 1321 1111 speo-

227 1125 312 1192 tam,
346 1111 373 1177 ri
401 1110 517 1198 iniquis
544 1108 622 1175 locis
649 1111 755 1177 Caeaar
783 1131 816 1174 se
845 1109 1030 1196 subjiceret.
1079 1109 1199 1185 cesar,
1228 1109 1320 1174 nulla

228 1200 352 1266 ratione
375 1196 419 1263 ad
466 1219 586 1297 ugnam
610 1197 682 1262 elici
704 1219 796 1285 posse
814 1195 1003 1296 Pompeium
1017 1195 1213 1290 existimans,
1234 1195 1318 1261 hano

225 1287 287 1351 ribi
307 1307 410 1351 comm
454 1283 591 1348 isermam
611 1282 689 1348 belli
712 1281 869 1348 rationem
885 1281 1056 1369 judicavit,
1080 1281 1130 1346 uti
1151 1295 1258 1347 castra
1279 1305 1320 1348 ex

227 1393 267 1438 eo
287 1371 358 1438 loco
374 1382 518 1436 moveret
532 1391 659 1458 semper
682 1393 723 1434 ue
738 1380 819 1433 esset
832 1367 866 1438 in
879 1368 1070 1434 itineribus:
1101 1367 1160 1433 hoc
1174 1391 1319 1458 sperans,

229 1470 280 1535 ut,
315 1456 478 1524 movendis
505 1457 617 1521 castris
643 1393 858 1543 pluribusque
884 1453 1037 1520 adeundis
1065 1455 1156 1531 locis,
1182 1477 1321 1522 commo·

225 1545 316 1612 diore
339 1543 550 1610 frumentaria
568 1567 604 1608 re
626 1553 800 1608 uteretur:
825 1541 982 1628 sirnulque
1010 1541 1042 1606 in
1064 1541 1178 1608 itinere
1202 1555 1242 1608 ut
1261 1543 1319 1608 ali-

224 1653 325 1720 quam
348 1629 541 1696 occasionem
561 1628 737 1694 dimicandi
757 1627 1007 1704 nancisceretur,
1034 1641 1068 1693 et
1091 1628 1253 1694 insolitum
1274 1629 1317 1695 ad

226 1719 373 1796 laborem
402 1715 547 1805 Pompeii
575 1715 755 1780 exercitum
782 1713 977 1803 quotidianis
1005 1714 1173 1781 itineribus
1200 1715 1318 1782 defati-

226 1801 332 1895 garet.
378 1803 440 1870 His
460 1802 649 1870 ¹constitutis
671 1801 781 1878 rebus,
806 1801 829 1865 s'
856 1823 896 1866 no
913 1801 980 1889 jam
996 1800 1204 1891 profectionis
1226 1802 1318 1877 dato,

225 1890 508 1978 tabernaculisque
540 1888 689 1964 detensis,
723 1823 978 1954 animadversum
1005 1900 1065 1963 est,
1092 1888 1205 2038 paullo
1232 1901 1319 1990 ante,

1104 1999 1124 2039 o
1139 1999 1205 2040 esse
1216 1999 1317 2040 acrem

225 1991 319 2046 extra
331 1976 553 2080 quotidianam
571 1975 843 2051 consuetudinem,
868 1974 1025 2061 longiusa
1039 1972 1090 2039 val

229 2067 374 2154 Pompeii
409 2086 449 2153 pr
493 2085 622 2138 ressam,
657 2074 697 2126 ut
724 2084 790 2127 non
820 2061 929 2148 iniquo
955 2059 1027 2126 loco
1055 2084 1149 2149 posse
1173 2062 1319 2127 dimicari

227 2150 406 2218 videretur.
483 2171 544 2214 uno
560 2149 667 2214 Caesar
681 2149 769 2237 apud
783 2171 869 2222 suos,
893 2171 994 2234 quum
1014 2147 1080 2236 jam
1098 2159 1182 2214 esset
1202 2171 1317 2237 agmen

226 2238 265 2304 in·
276 2238 391 2326 portia,
408 2245 432 2278 “
444 2235 665 2302 Differendum
675 2237 756 2310 est‚'’
768 2235 886 2320 inquit,
897 2244 919 2274 “
933 2235 994 2298 iter
1006 2233 1038 2298 in
1071 2235 1215 2301 mentia
1226 2237 1318 2300 nobis

139 2380 148 2394 ,
226 2335 300 2390 “et
330 2323 371 2388 de
397 2321 513 2411 proelio
539 2320 758 2408 cogitandum,
788 2321 871 2386 sicut
898 2343 1024 2410 semper
1047 2257 1317 2410 depoposcimua:

225 2409 370 2476 “auimo
397 2409 495 2475 aimus
522 2406 565 2473 ad
592 2406 809 2472 dimicandum
889 2408 975 2482 rati;
1013 2429 1076 2473 non
1107 2408 1200 2475 facile
1227 2431 1318 2475 occa·

225 2508 268 2653 :d
265 2497 385 2600 siquem
397 2507 509 2585 postea
522 2495 716 2582 reperiemus
730 2497 761 2559 :'’
785 2516 846 2561 con
860 2494 1014 2582 estimque
1028 2493 1195 2582 expeditus
1206 2495 1319 2585 copias

268 2596 346 2651 ιιοιι.

267 2671 322 2738 86.
356 2669 529 2760 Pompeius
554 2693 698 2760 quoque,
723 2683 763 2737 ut
786 2683 898 2773 postea
920 2668 1086 2759 cognitum
1106 2681 1166 2748 est,
1187 2693 1318 2737 suorum

224 2757 367 2827 omnium
381 2758 514 2824 hortatu
528 2770 687 2824 statuerat
700 2758 818 2857 proeho
833 2758 1009 2824 decertare.
1056 2758 1206 2847 Namque
1218 2761 1317 2824 etiam

223 2847 259 2913 in
282 2844 413 2911 consilio
437 2844 657 2935 superioribus
679 2845 795 2911 diebus
819 2845 957 2921 dixerat,
985 2845 1216 2933 “priusquam
1242 2867 1315 2910 con-

226 2941 435 2997 “currerent
458 2932 551 3007 acies,
580 2932 661 3006 fore,
689 2929 738 2996 uti
764 2931 924 2998 exercitus
948 2931 1082 2998 Caesaris
1105 2929 1320 3020 pelleretur.”

114 3113 117 3119 Δ
151 3095 154 3102 .
226 3017 267 3085 ld
280 3023 355 3085 cuin
367 3030 470 3084 essent
485 3017 807 3106 pleriqueadmirati,
824 3031 846 3062 ‘⁶
864 3019 938 3085 Scio
953 3021 1036 3097 me,’'
1050 3017 1168 3107 inquit,
1185 3030 1207 3062 ‘⁶
1222 3039 1316 3108 pene

260 3261 346 3317 ΟΜ
355 3259 452 3312 werec
464 3273 623 3325 tamquam
634 3276 695 3311 usur
704 3275 749 3311 ve·
797 3271 904 3328 quatuor
915 3261 993 3313 verbu
1008 3261 1099 3313 absunt
1109 3277 1124 3310 a
1135 3259 1195 3310 cod.
1207 3259 1319 3326 optimo.

224 3326 559 3392 ntumqsumopuseeet.
579 3329 618 3375 M.
796 3329 915 3378 Leidensi
926 3329 1017 3393 primo.
1044 3323 1318 3391 Ergoblarclandusin

262 3394 515 3456 Unumdllobropem.
525 3392 666 3440 Trescodd.
674 3391 748 3451 boni,
798 3394 926 3458 Explicat.
943 3402 1004 3442 vett.
1024 3402 1089 3442 auct.
1111 3407 1137 3456 p.
1157 3391 1204 3440 2¹1⁵
1220 3407 1250 3439 ea
1261 3391 1317 3440 tolli

227 3455 325 3522 Eque
344 3459 469 3522 Allobroq.
491 3460 583 3506 Recte:
605 3471 665 3506 uam
687 3472 747 3520 cap.
797 3461 869 3519 vult;
894 3472 943 3508 noo
963 3459 1031 3508 enirn
1051 3459 1178 3521 adparere,
1200 3457 1263 3520 quid
1286 3456 1319 3504 sit

227 3522 269 3569 50.
286 3530 366 3571 exstat
384 3523 435 3573 hoc
452 3534 544 3572 nomen
561 3521 636 3570 unius
655 3523 746 3569 horum
793 3525 872 3587 pardo
889 3531 955 3574 onte.
993 3523 1043 3572 Sed
1066 3521 1165 3580 dubito,
1187 3535 1219 3570 an
1242 3520 1319 3569 unius

226 3585 402 3649 Allobrogum.
421 3589 491 3636 ldem
506 3585 611 3636 Daririo
631 3595 658 3633 et
676 3586 745 3634 Oud.
796 3587 1055 3638 codicirauctoritate
1072 3587 1126 3636 hnc
1138 3585 1317 3635 omniartatinr

225 3651 309 3719 risum
319 3659 367 3700 est.
388 3651 429 3701 Μ.
456 3652 580 3700 Ecodice
590 3650 687 3699 restitui
700 3664 748 3698 ιιο-
796 3653 906 3701 tollenda
923 3652 982 3711 rint,
1003 3651 1140 3716 prasertim
1157 3665 1215 3700 cum
1238 3651 1316 3716 poulo

225 3729 284 3765 nen
294 3715 414 3773 debebat,
422 3717 491 3780 quod
501 3717 536 3765 ita
544 3715 604 3764 teci.
795 3727 854 3766 unte
865 3717 948 3782 possit
956 3717 1089 3766 commode
1098 3715 1213 3780 intelligi.
1229 3715 1268 3764 Μ.

259 3783 327 3835 Quia
341 3789 425 3830 mura
442 3784 471 3829 ιἰι
487 3783 548 3831 colle
565 3780 681 3830 babebat.
700 3777 746 3830 alii
830 3783 1137 3845 Copr'tmtdum-pomd
1168 3779 1190 3828 E
1204 3778 1320 3842 vestigiis

224 3848 421 3895 macone
429 3847 527 3896 habitis.
795 3847 872 3895 codd.
894 3846 980 3910 potius
1000 3847 1117 3909 legetur:
1144 3845 1317 3908 coquendam,

120 3938 125 3956 ι
215 3946 220 3953 1
258 3910 443 3975 &pamelii
459 3918 608 3975 emone-
633 3908 677 3961 Cf.
687 3925 745 3975 cap.
792 3915 823 3972 ri,
844 3918 872 3962 at
891 3925 988 3975 emper
1012 3911 1206 3974 ‹lepoporcr'mua
1231 3913 1317 3958 naimo

223 3975 264 4024 ¹1³.
673 3997 678 4004 ·
794 3991 881 4024 ramur
886 3981 983 4050 por-uti.
1000 3977 1058 4026 Non
1066 3997 1107 4024 -.
1117 3975 1155 4023 M.
1168 3975 1255 4023 Placet
1264 3973 1315 4022 hoo

257 4041 383 4100 oum,
399 4038 445 4089 alii
464 4041 532 4090 mele
550 4043 665 4090 nemu.
687 4039 745 4090 Liv.
795 4041 920 4090 Bentlero.

221 4104 627 4166 ruodmannum.
828 4107 860 4154 In
889 4108 998 4155 masilia.
1038 4103 1124 4168 Vulgo
1150 4103 1178 4152 in
1204 4103 1321 4159 emesa.

255 4171 327 4227 Ante,
344 4177 415 4221 serra
431 4173 525 4236 quood.
544 4178 652 4225 maret.
677 4170 742 4226 uec
794 4167 944 4224 amenum
955 4171 1023 4223 Oud.
1035 4170 1108 4224 etsie
1119 4169 1178 4234 edd.
1189 4179 1241 4220 ret.
