2909 4809
431 206 525 328 ura.
543 254 571 326 ι.
615 257 719 328 cur.
741 257 882 328 ar-so.
1123 257 1189 329 ess

92 429 255 536 tsanse,
271 443 342 534 qul
376 443 519 528 Galliam
555 447 752 538 provinciam
779 445 962 550 adtingunt.
1018 445 1188 526 Audierat,

95 533 289 622 Pompeium
300 555 360 623 per
368 531 599 602 Mauritaniam
610 535 871 625 cumlegionibus
882 533 1188 624 rterinHispsnism

93 621 202 686 facere
212 619 446 708 confestimque
456 644 525 688 esse
535 634 725 698 venturum
746 621 840 688 simul
851 644 871 688 a
884 620 1037 688 Tribunis
1049 621 1204 690 militum·

95 707 413 794 centurionibusque
434 718 564 774 mutuas
576 709 724 798 peeumm
736 707 864 774 sumsit:
887 707 944 774 has
956 707 1109 774 exercitui
1123 707 1189 774 dis-

94 793 226 860 tribuit.
272 794 348 868 Quo
368 793 466 871 iacto,
487 794 569 860 duras
591 819 642 862 res
664 806 852 862 consecutus
866 807 926 869 est,
948 794 1036 882 quod
1051 795 1085 884 p'
1131 817 1188 862 ore

93 880 219 1031 capnos
234 879 467 947 centurionum
486 879 631 949 devinxit
651 893 686 948 et
706 879 877 970 largitione
892 883 1028 948 redemit
1048 903 1094 948 mu
1108 881 1189 948 'tum
1231 887 1244 909 '¹

94 988 139 1032 vo
152 977 290 1033 unmtes.
1045 1007 1049 1015 .
1142 1015 1145 1024 .
1209 1015 1211 1020 ,

138 1051 194 1117 40.
211 1050 333 1120 Fabius
339 1051 557 1134 finitumarum
567 1052 737 1134 civitatum
745 1054 865 1120 animos
877 1051 993 1120 litteris
1004 1051 1191 1140 nunciisque
1207 1095 1211 1109 ·

94 1139 256 1205 tentabat.
302 1136 340 1204 iu
357 1140 476 1206 Sicore.
490 1139 620 1208 flumine
643 1154 758 1229 pontes
779 1141 930 1206 effecerat
942 1139 1034 1218 duos,
1058 1139 1142 1206 inter
1154 1162 1189 1206 se

94 1223 252 1292 dietam
272 1225 362 1312 milia
384 1249 534 1314 passuum
555 1238 709 1314 quatuor.
756 1225 818 1292 His
832 1225 983 1316 pontibus
996 1225 1190 1314 pabulatum

95 1311 264 1386 mittebat:
286 1309 376 1398 quod
398 1335 448 1392 ea,
471 1335 546 1400 quae
568 1313 651 1378 eitra
665 1313 784 1380 flumen
807 1313 947 1390 fuerant,
969 1311 1191 1400 superioribus

96 1395 211 1464 diebus
225 1410 452 1482 consumserat.
498 1399 571 1465 Hoc
586 1399 669 1475 idem
683 1399 764 1480 iere,
777 1410 878 1486 utque
890 1399 1001 1466 eedem
1014 1395 1056 1462 de
1069 1419 1191 1476 meuse,
1212 1447 1214 1454 -

98 1482 285 1572 Pompeiani
312 1485 470 1550 exercitus
499 1485 606 1551 Duces
633 1485 806 1560 faciebant,
837 1485 1016 1572 crebroque
1031 1483 1140 1550 ,inter
1157 1507 1191 1550 se
1275 1549 1279 1562 .

95 1570 302 1657 equestribus
328 1570 450 1658 praebia
474 1571 720 1638 contendebant.
777 1571 853 1638 Huc
878 1593 981 1658 quum
1002 1569 1215 1656 quotidiana.

96 1656 329 1722 consuetudine
351 1679 527 1745 congressa
550 1657 798 1746 pabulatoribus
823 1656 971 1746 prcesidio
993 1659 1127 1745 proprio
1148 1657 1204 1720 le-·

98 1743 208 1830 gioues
223 1741 373 1810 Fabianae
395 1744 469 1810 duae
492 1744 611 1810 flumen
632 1744 829 1820 transissent,
852 1741 1136 1832 inpedimentaqus
1158 1753 1217 1806 et.

97 1828 201 1894 omnis
267 1829 389 1894 uitatus
412 1841 620 1917 sequeretur:
651 1831 759 1898 subito
786 1830 819 1898 vi
845 1841 1014 1894 ventorum
1041 1841 1075 1894 et
1101 1851 1217 1915 aquae.

98 1913 247 2004 magnitu
272 1915 320 1980 'ne
335 1938 414 2003 pons
435 1930 485 1982 est
506 1917 708 2005 interruptus
725 1917 901 2004 etreliqua
914 1913 1089 1980 multitudo
1104 1914 1192 2002 equi-
1214 1959 1217 1971 ·

98 2015 171 2066 tum
185 2000 368 2084 interclusa.
414 2001 489 2078 Quo
503 2006 635 2090 cognito
650 2027 669 2068 a
683 2002 813 2070 Petreio
824 2017 858 2068 et
870 2000 1007 2068 Afranio
1019 2024 1061 2066 ex
1074 2023 1195 2089 aggere
1213 2047 1217 2062 ,-

98 2111 118 2151 a
158 2110 198 2152 ue
213 2087 370 2163 cratibus,
391 2111 463 2174 quae
477 2089 607 2155 flumine
622 2089 823 2165 ferebantur,
844 2087 991 2155 celeriter
1014 2111 1072 2153 suo
1093 2099 1193 2176 ponte
1215 2141 1219 2148 .

30 2215 35 2228 ι
101 2179 131 2238 Α
148 2173 268 2249 canius,
293 2197 392 2261 quem
414 2176 537 2276 oppido
554 2177 728 2263 castrisque
750 2177 957 2265 conjunctum
980 2173 1131 2248 habebat,
1148 2173 1193 2239 le·
1214 2218 1217 2226 ι

100 2283 210 2412 prodes
236 2275 377 2348 quatuor
399 2286 418 2326 e
441 2274 645 2350 urtatumque
669 2285 796 2329 omnem
818 2259 981 2350 transjecit
1004 2260 1194 2348 duabusque

127 2345 252 2412 abianis
275 2347 425 2429 occurrit,
453 2349 631 2436 egionibus.
676 2349 779 2437 Cujus
802 2347 945 2414 adventu
968 2347 1129 2428 nunciato,
1153 2346 1192 2412 L.

101 2432 251 2509 Plancus,
267 2433 325 2521 qui
339 2433 518 2522 legionibus
533 2447 682 2525 praeerat,
696 2436 871 2501 necessaria
881 2459 919 2501 re
929 2446 1070 2510 coactus,
1085 2433 1193 2500 locum
1216 2487 1219 2494 .

98 2519 190 2608 capit
213 2521 423 2607 superiorem,
448 2518 674 2610 diversamque
699 2522 801 2588 aciem
827 2523 860 2588 in
886 2520 970 2590 duas
987 2533 1095 2608 partes
1119 2543 1193 2585 eon·

97 2605 220 2703 stituit,
243 2629 283 2672 ne
297 2607 340 2671 ab
355 2609 505 2695 equitatu
519 2607 743 2674 circumveniri
766 2619 881 2696 posset.
927 2605 993 2682 Ita,
1008 2629 1194 2694 congremus

100 2692 206 2780 inpari
221 2715 368 2768 numero,
391 2717 525 2782 magnos
545 2695 674 2784 inpetus
694 2693 862 2782 legionum
885 2695 1112 2780 equitatusque
1127 2715 1194 2758 sus·

99 2779 193 2844 tinet.
240 2779 419 2846 Commisso
440 2782 483 2848 ab
503 2781 670 2870 equitibus
685 2781 814 2869 proelio,
834 2780 925 2868 signu
938 2779 1077 2845 duarum
1096 2777 1196 2867 legio«

100 2951 159 3015 quia
169 2949 295 3000 delusa?
307 2952 437 3002 subaudiri
449 2951 530 3018 possit
539 2954 625 3016 sorts's-
673 2954 789 3002 cluserat.
824 2935 958 3002 Vossiual
990 2951 1082 3003 ‘vult'
1174 2971 1224 3004 e.·

102 3022 164 3066 sisso
185 3029 286 3082 qusque
310 3021 400 3082 optent.
418 3034 475 3081 pru.
496 3021 627 3069 lomim
655 3035 724 3082 quo
743 3025 845 3067 nonest
862 3033 936 3082 opus,
988 3017 1083 3068 uriniua
1093 3035 1126 3068 vo
1137 3019 1196 3068 ebat

102 3089 201 3132 ssorum
672 3087 793 3148 primurn,
806 3085 906 3132 frustra.

119 3117 270 3196 'Audierat
313 3146 370 3196 Duo
396 3148 471 3196 codd.
497 3154 626 3197 recentess
707 3150 972 3198 scttovtsemorurs.
990 3149 1027 3198 lta
1037 3147 1196 3200 scribendum
1294 3183 1301 3198 ,

101 3203 234 3274 postquam
247 3211 370 3263 amum.
384 3225 387 3236 ·
403 3213 440 3261 lta
451 3212 541 3262 saitem
553 3212 626 3261 intel-
673 3214 804 3276 conJ'ecere
815 3211 864 3260 viri
875 3212 945 3261 docti
963 3229 1010 3278 pro
1019 3217 1196 3274 iuteremerunt,

104 3275 232 3340 ligandum
249 3287 296 3334 est,
311 3291 342 3325 ne
358 3277 412 3327 iul.
427 3291 513 3326 rursus
528 3277 625 3340 aliquid
672 3279 740 3362 quod
758 3277 851 3325 hebent
865 3277 940 3325 codd.
951 3278 1042 3326 etedd.
1054 3283 1106 3325 vet.
1138 3279 1195 3340 lpse

103 3338 180 3390 desit.
196 3341 234 3389 Μ.
268 3341 370 3390 Habent
389 3348 416 3391 et
437 3343 494 3391 edd.
516 3343 626 3390 Floreat.
654 3343 855 3406 -baesarc.seq.
866 3351 1014 3404 tempestate
1030 3341 1195 3406 interruptum

103 3405 268 3454 etsseroaidi.
293 3406 412 3456 Gruterus
442 3407 571 3456 utatolim
580 3407 627 3455 ad-
675 3405 748 3457 dicit.

106 3470 182 3520 inisse
192 3469 289 3520 carlito.
321 3471 414 3520 Probat
423 3423 476 3521 lloc
488 3469 625 3520 Bentleius.
709 3473 844 3522 APetreio
862 3479 887 3520 st
904 3471 1016 3534 Asnaum.
1049 3471 1112 3522 Haec
1131 3473 1198 3522 ialso

138 3536 257 3598 Pipaon.
280 3535 325 3586 alii
341 3539 454 3600 piperem.
486 3536 626 3600 Utrumque
674 3543 790 3598 suspecta
800 3544 856 3584 sunt
866 3535 1008 3587 Ciuceonio
1018 3544 1044 3586 et
1056 3536 1197 3600 Scaligero.

105 3600 182 3648 salet.
708 3603 751 3650 Ec
766 3616 867 3664 cypero,
884 3601 988 3650 materia
1004 3609 1133 3666 congesta,
1147 3615 1199 3666 qua

140 3665 456 3730 Huc-conpressam
464 3663 514 3715 huc
523 3665 627 3716 iverunt.
675 3680 740 3731 pons
754 3665 873 3714 instratus
883 3665 973 3716 iuerat.
989 3666 1041 3716 vid.
1055 3667 1108 3715 ind.
1126 3667 1166 3715 Μ.

104 3728 509 3792 Utoossrsecreciiquoest,cds'rs‘
518 3732 628 3794 αϋφωιιι
709 3733 761 3779 Suo
781 3737 863 3793 poeste.
907 3731 937 3778 Ti
957 3747 1002 3781 suo
1024 3730 1110 3780 omisit
1132 3731 1199 3780 Sosi.

75 3813 82 3820 ·
104 3796 204 3842 losum:
227 3793 266 3841 sic
288 3795 408 3867 congredi
429 3797 515 3858 atiquo
536 3796 627 3844 eodem
676 3795 763 3846 invitis
773 3795 847 3843 codd.
857 3803 883 3844 et
891 3797 949 3844 edd.
961 3804 1012 3846 rat.
1200 3823 1202 3834 ι

105 3859 183 3908 modo
201 3856 253 3906 dici
271 3865 364 3921 potuit.
381 3859 419 3908 M.
453 3859 522 3910 Male
534 3859 626 3923 Scalig.
709 3863 893 3935 Diverscmque
908 3885 943 3896 -
956 3863 1089 3912 comum.
1128 3861 1199 3910 idem

105 3937 196 3998 vocem
206 3937 341 3986 conpressa
349 3922 556 3991 deletamcupit..
565 3925 627 3990 Lip-
675 3937 722 4006 est,
735 3934 764 4004 ut
773 3925 794 3974 si
806 3923 923 4004 dixisset:
941 3925 1068 4006 diuersam
1079 3927 1158 3974 aciem
1169 3930 1199 4006 irs
1226 3923 1229 3928 '

107 3987 437 4116 tittttlttttett
458 3996 626 4039 ...m
674 3990 1123 4108 iiibii‘iffitibii'
1134 4005 1206 4054 ⁰⁰⁸⁸·

141 4117 263 4168 Presidio
277 4119 388 4185 proprio,
403 4117 473 4181 quod
485 4134 584 4183 semper
601 4127 627 4168 et
711 4122 842 4170 commum
851 4120 1115 4185 coequestrem.
1132 4119 1202 4178 Quid

106 4191 176 4232 certo
203 4179 373 4231 comitabatur
393 4181 564 4246 pabulatores.
587 4185 627 4234 Μ.
678 4185 743 4237 boc?
754 4183 971 4248 jam-legionesqu
1006 4201 1038 4235 ue
1065 4185 1203 4248 ugnsbent.¹

107 4249 175 4301 snt.
192 4259 326 4313 perperam
343 4245 370 4296 rt
387 4251 485 4316 proprio
501 4248 574 4302 uncis
588 4249 629 4302 iu·
677 4251 764 4314 imque
778 4246 893 4304 Jusinius
910 4201 1007 4304 veldel
1057 4263 1100 4330 um
1115 4248 1203 4303 suasit
