2909 4809
260 232 328 302 332
458 290 464 310 ,
570 231 640 300 DE
662 228 813 300 BELLO
837 226 994 296 CIVILl.

262 430 285 462 ‘⁶
299 419 480 521 interjecto,
511 419 651 486 militum
664 429 798 484 'mentes
816 420 1036 490 'sanarentun
1072 411 1181 490 simul,
1215 411 1242 479 si
1275 409 1366 498 quid

261 517 285 548 “
362 531 432 573 vius
445 505 621 582 accidisset,
643 527 759 592 magna
774 503 982 570 multitudine
997 501 1126 568 navium
1141 513 1175 568 et
1199 498 1310 566 tutius
1331 513 1368 564 et

262 603 286 634 ‘⁶
335 593 427 659 cilius
441 595 474 660 in
487 593 629 660 Siciliam
643 605 793 680 receptus
805 591 971 656 daretur.”

305 679 361 744 31.
390 680 504 756 Curio,
539 691 717 766 utrumque
743 678 918 766 inprobant
946 675 1125 752 consilium,
1156 685 1367 762 “quantum

263 775 287 808 “
302 765 400 832 alteri
412 767 578 834 sententiae
589 768 713 832 deesset
726 765 835 840 animi,
852 777 980 830 tantum
990 762 1086 828 alteri
1099 785 1262 851 superesse
1274 760 1368 826 dioe-

263 862 286 893 “
302 853 384 931 bat3
405 853 464 922 bos
493 852 685 920 tutissimae
712 850 799 939 lugae
826 852 982 916 rationem
1002 848 1133 926 babere,
1160 849 1233 914 illos
1259 848 1367 914 etiam

263 939 416 1029 “iniquo
444 942 517 1007 loco
549 877 768 1006 dimicandum
796 953 922 1028 putare.
970 937 1043 1012 Qua
1073 938 1191 1012 enim,”
1234 934 1365 1022 inquit,

262 1035 286 1066 “
302 1026 422 1094 fiducia
440 1039 477 1093 et
496 1051 596 1116 opere
618 1039 653 1091 et
674 1038 793 1091 natura
808 1026 870 1090 loci
884 1025 1094 1090 munitissima
1106 1036 1210 1088 castra
1232 1045 1366 1110 expug-

261 1113 374 1180 “nari
399 1138 490 1203 posse
514 1112 727 1180 confidimus?
748 1127 806 1179 aut
833 1134 911 1177 vero
931 1109 1010 1198 quid
1026 1107 1223 1200 proficimus,
1247 1110 1287 1186 si,
1311 1133 1365 1174 ac-

262 1210 286 1241 “
302 1224 339 1266 ce
363 1213 399 1266 to
411 1223 530 1289 magno
551 1200 759 1280 detrimento,
775 1201 819 1266 ab
833 1197 1077 1288 obpugnatione
1101 1211 1284 1263 castrorum
1299 1194 1365 1262 dis-

262 1291 286 1326 “
301 1225 466 1354 eeiimust
487 1287 580 1390 quasi
599 1309 663 1352 non
682 1299 716 1350 et
736 1286 872 1352 felicitas
895 1309 1006 1351 rerum
1041 1298 1181 1349 catarum
1197 1283 1364 1349 exercitus

261 1382 286 1414 ‘⁴
302 1374 558 1440 benevolentiam
570 1373 838 1462 Imperatoribus,
862 1384 896 1437 et
917 1397 967 1438 res
989 1397 1007 1436 a
1032 1395 1131 1438 versae
1153 1371 1239 1446 odia,
1255 1371 1365 1436 conci-

262 1469 286 1501 “
302 1461 394 1528 lient.
440 1462 633 1527 Castrorum
652 1475 763 1526 autem
777 1459 916 1525 mutatio
932 1459 1011 1546 quid
1025 1459 1136 1535 babet,
1153 1459 1210 1524 nisi
1226 1471 1363 1545 turpem

263 1556 287 1587 “
301 1549 415 1636 fugam
425 1559 460 1613 et
469 1547 727 1636 desperationem
742 1547 883 1612 omnium
894 1558 928 1611 et
938 1545 1164 1612 alienationem
1174 1545 1363 1611 exercitus?

261 1644 285 1674 “
303 1635 392 1702 Nam
409 1657 513 1722 neque
527 1635 688 1786 pbtgentee
701 1632 856 1721 suspicari
871 1645 1015 1722 oportet,
1034 1633 1096 1698 sibi
1137 1655 1229 1697 arum
1243 1629 1358 1705 credi;

262 1731 286 1765 ‘⁶
302 1745 408 1809 neque
443 1722 539 1809 inpro
621 1721 714 1798 scire,
740 1745 806 1785 sese
834 1720 958 1784 timeri:
984 1719 1074 1808 quod
1102 1657 1165 1785 illis
1192 1719 1362 1784 licentiam

262 1819 286 1852 ‘⁶
302 1810 400 1876 timor
413 1820 533 1897 augeat
546 1819 676 1881 noster3
701 1806 749 1873 hie
763 1807 869 1872 studia
883 1805 1060 1872 deminuat.
1107 1803 1269 1882 Quodsi‘
1328 1810 1361 1880 ,'’

260 1894 380 1982 inquit,
396 1907 419 1937 “
434 1895 500 1962 haec
514 1895 682 1984 explorata
696 1896 863 1968 habemus,
892 1917 965 1980 quae
988 1893 1029 1960 de
1050 1895 1211 1960 exercitus
1237 1915 1257 1956 a
1273 1892 1359 1958 iena-

261 1992 285 2026 “
301 1983 390 2049 tione
414 1982 582 2055 dicuntur,
606 2005 680 2082 quae
703 1982 835 2070 quidem
861 2007 879 2047 e
903 2005 924 2046 o
946 1993 1004 2046 aut
1030 1982 1158 2046 omnino
1185 1978 1277 2056 falsa,
1300 1989 1361 2044 aut

262 2077 287 2110 “
302 2082 391 2135 certe
404 2071 529 2135 minora
543 2069 693 2156 opimone
708 2093 776 2135 esse
796 2005 943 2152 confidog
972 2079 1107 2154 quanto,
1135 2067 1201 2134 haec
1214 2065 1361 2132 dissimu-

262 2166 287 2197 “
303 2157 372 2222 lare
387 2170 421 2222 et
436 2155 613 2234 occultare,
629 2179 730 2242 quam
746 2179 805 2245 per
821 2178 877 2220 nos
893 2152 1088 2231 confirmari,
1104 2159 1260 2244 praestatl
1304 2154 1359 2220 An

262 2252 286 2284 ‘⁴
303 2266 379 2318 non,
404 2242 454 2306 uti
480 2241 624 2330 corporis
644 2236 791 2318 vulnera,
814 2243 861 2306 ita
883 2242 1044 2308 exercitus
1063 2239 1264 2308 incommoda
1285 2250 1360 2318 sunt

263 2339 286 2369 “
302 2329 451 2417 tegenda,
476 2351 516 2393 ne
537 2351 628 2416 spem
650 2327 841 2394 adversariis
867 2335 1062 2416 augeamus?
1107 2331 1154 2394 At
1181 2327 1291 2404 etiam,
1322 2337 1359 2392 ut

264 2415 410 2482 “media
423 2427 517 2481 nocte
539 2413 789 2503 proficiscamur,
812 2414 951 2481 addunt:
978 2438 1044 2502 quo
1058 2416 1223 2504 majorem,
1248 2415 1358 2491 credo,

264 2513 287 2543 “
304 2501 631 2594 licentiambabeaut,
657 2503 716 2590 qui
738 2517 872 2592 peccare
893 2514 1073 2568 conentur:
1101 2525 1239 2589 namque
1252 2500 1359 2590 hujus-

264 2600 288 2630 “
304 2591 391 2656 modi
402 2613 453 2656 res
466 2602 526 2655 aut
540 2589 675 2677 pudore,
690 2603 750 2656 aut
764 2603 853 2654 metu
869 2602 1034 2666 tenentur,
1049 2590 1170 2677 quibus
1183 2589 1281 2654 rebus
1295 2611 1358 2656 nox

263 2687 286 2718 “
303 2679 439 2743 maxime
462 2675 647 2742 adversaria
670 2690 731 2742 est.
777 2678 886 2753 Quare
901 2699 1006 2764 neque
1021 2677 1104 2742 tanti
1117 2699 1187 2746 sum
1197 2675 1305 2754 animi,
1320 2687 1358 2742 ut

262 2775 286 2806 ‘⁶
301 2765 368 2830 sine
381 2789 438 2853 spe
450 2775 558 2829 castra
579 2764 797 2853 obpugnanda
811 2785 972 2838 censeam
1000 2786 1105 2852 neque
1125 2762 1208 2830 tanti
1223 2763 1356 2840 timoris,

262 2861 287 2893 “
303 2864 342 2917 ut
356 2851 424 2940 ipse
438 2849 602 2919 deficiam:
629 2863 729 2940 atque
744 2851 850 2918 omnia
876 2851 967 2938 prius
989 2849 1184 2940 experienda
1203 2852 1356 2926 arbitror,

265 2947 288 2976 ‘⁴
304 2960 497 3026 magnaque
509 2960 551 3002 ex
594 2949 666 3002 arte
684 2939 751 3028 jam
765 2961 815 3004 me
831 2960 897 3003 una
917 2937 1083 3008 vobiscum
1098 2938 1140 3005 de
1155 2960 1191 3002 re
1202 2937 1357 3026 judiciruu

262 3034 286 3066 “
301 3024 465 3089 facturum
479 3021 562 3088 confi
584 3029 639 3088 o.’'
1099 3019 1102 3029 '
1246 3098 1251 3106 ι

305 3111 360 3176 32.
390 3110 529 3178 Dimisso
555 3110 699 3187 consilio,
723 3108 907 3177 concionem
931 3111 1069 3176 advocat
1083 3109 1245 3176 militum:
1275 3133 1357 3178 com-

263 3212 431 3274 memorat,
448 3209 471 3238 “
486 3220 553 3286 quo
567 3197 609 3263 sit
622 3221 736 3264 eorum
749 3222 823 3264 usus
837 3199 947 3275 studio
961 3197 1004 3263 ad
1026 3195 1205 3264 Corfinium
1231 3196 1357 3265 Caesar:

298 3377 371 3428 Poste
386 3375 450 3439 corifi
483 3375 515 3422 ’Β
529 3389 600 3439 posse
610 3373 695 3424 omisit
712 3375 781 3424 Scal.
832 3375 941 3425 Vossius
961 3383 987 3424 et
1006 3373 1095 3424 Daris.
1113 3371 1206 3436 scalig.
1225 3387 1285 3422 cum
1300 3372 1357 3424 aliis

263 3441 393 3492 revocavit
405 3441 474 3490 Oud.
484 3456 500 3489 e
511 3440 584 3488 codd.
595 3449 620 3488 et
630 3441 687 3488 edd.
699 3455 737 3504 pr.
834 3443 936 3490 dederat
945 3446 1046 3492 nortis.
1191 3443 1194 3450 “

297 3509 433 3564 pudentes,
442 3504 486 3569 qui
499 3514 615 3554 verentur
625 3507 693 3554 male
703 3521 788 3569 agere,
869 3505 1212 3556 Dirrumtlumtomtltarc.
1237 3503 1355 3556 Aluit&-

264 3572 371 3640 ιόρμιις,
393 3567 511 3632 αι’)ἧμιιι.
544 3569 607 3618 Ηιιιο
623 3569 671 3618 etsi
692 3586 789 3634 pauco·
819 3573 1099 3622 *mulariuomeuart

262 3653 319 3688 rum
329 3637 459 3694 codicum,
470 3634 548 3683 lectio
558 3643 625 3683 certe
635 3637 788 3698 praeferenda
871 3637 911 3685 Αιι
927 3653 987 3685 non.
1015 3635 1103 3685 Davis.
1124 3635 1221 3683 mallet.
1245 3635 1277 3684 Ae
1294 3650 1354 3692 sm,

202 3750 207 3773 ¹
263 3713 302 3754 est
320 3701 403 3760 alteri,
421 3701 563 3764 prudentes.
593 3701 661 3761 Ergo
681 3703 790 3764 euprobi
835 3700 1035 3762 quiaedit.vet.
1071 3705 1185 3749 dacem.
1203 3697 1291 3747 Nolim
1302 3713 1353 3764 ego,

264 3775 331 3828 sunt,
352 3766 377 3816 iu
395 3766 490 3829 quibus
508 3772 556 3822 est,
571 3773 601 3814 ut
611 3765 668 3827 ipse
680 3767 788 3828 scriptor
837 3765 871 3812 ob
884 3765 1037 3828 subsequam
1051 3769 1082 3814 At
1089 3768 1174 3814 atain,

265 3834 337 3891 dicit,
347 3831 463 3881 licentia.
475 3831 514 3877 M.
530 3829 594 3878 Boni
602 3830 705 3892 quidam
714 3831 789 3878 codd.
872 3831 1027 3890 Harmodi
1043 3846 1092 3888 res,
1110 3829 1129 3876 i.
1139 3845 1162 3878 e.
1184 3837 1292 3877 conatus
1309 3827 1352 3876 im·

265 3899 360 3947 babent
377 3897 507 3960 pumen
540 3894 612 3953 Sont,
632 3895 727 3958 quibus
745 3895 790 3944 bo·
837 3893 924 3957 probi.
961 3893 1277 3956 reanum-‚inpediuntur
1298 3894 1333 3941 M.

262 3977 309 4012 nor
318 3961 387 4010 cordi
398 3969 445 4018 est,
457 3961 500 4025 qui
513 3965 556 4008 ont
570 3961 608 4008 du
620 3964 689 4024 point
703 3960 792 4010 d’dmss
874 3961 966 4012 Quibus
977 3961 1061 4017 rebus,
1081 3958 1169 4022 pudori
1179 3967 1205 4006 et
1214 3957 1301 4006 metui.
1317 3958 1350 4006 Μ.

263 4041 336 4076 mar.
798 4043 802 4052 ¹
874 4024 928 4084 ipsi
945 4025 1068 4086 deficiam.
1108 4023 1209 4070 Manat.
1228 4029 1254 4070 et
1271 4021 1350 4070 Ciace.

301 4093 363 4150 Ictu,
386 4089 528 4154 improbisr
555 4091 603 4152 tu,
629 4090 790 4154 pudentibus.
837 4089 937 4138 malunt
946 4104 996 4150 spe.
1025 4087 1163 4151 Nonopus.

266 4157 393 4206 Clarium.
873 4155 990 4204 omitto.
1026 4153 1120 4216 Vulgo.
1148 4154 1260 4202 medo.
1280 4151 1347 4202 mals.

297 4223 391 4274 Notter
399 4237 411 4280 ;
428 4221 475 4268 dit.
496 4220 539 4270 Sic
549 4220 681 4271 remituere
691 4238 707 4269 e
718 4221 793 4270 codd.
838 4219 904 4270 Nam
914 4218 1051 4284 obponitur
1060 4219 1170 4268 comba!
1179 4217 1295 4272 mutan.
