2909 4809
248 304 317 375 204
555 304 622 375 DE
643 300 798 373 BELLO
821 301 1043 372 manuleo.

249 504 275 539 ⁴‘
291 494 445 563 facturos.
490 492 631 563 Proinde
660 493 695 561 in
723 494 850 583 agmine
878 492 1036 583 inpeditos
1063 488 1264 559 adoriantur.
1314 492 1350 557 Si

250 592 275 627 ‘⁶
293 582 415 672 pedites
436 580 501 649 suis
523 581 678 647 auxilium
698 581 806 647 ferant
831 592 931 669 atque
953 581 989 647 in
1014 602 1052 645 eo
1077 592 1259 655 morentur,
1285 579 1349 645 iter

250 680 275 712 “
290 668 402 735 confici
416 692 481 735 non
496 692 603 757 posse;
625 667 664 745 si,
680 668 714 733 id
728 668 818 756 quod
838 669 940 757 magis
958 668 1109 733 futurum
1128 664 1284 743 confidat,
1301 691 1349 731 re-

250 768 275 799 “
289 757 375 823 lictis
389 757 623 845 inpedimentis,
645 780 712 821 suae
725 755 822 820 saluti
838 754 1017 830 consulant,
1040 766 1073 819 et
1092 777 1153 820 usu
1169 778 1280 821 rerum
1296 778 1350 819 ne-

250 852 275 887 ‘⁴
291 844 497 910 oessariarum
511 854 545 909 et
558 842 719 931 dignitate
738 843 911 933 spoliatum
926 843 977 907 iri.
1024 840 1110 907 Nam
1124 842 1166 907 de
1181 842 1349 929 equitibus

248 941 274 975 ‘⁶
287 928 438 1006 hostium,
465 930 545 1017 quin
571 952 665 998 nemo
688 954 802 995 eorum
826 952 886 1019 pro
911 928 981 995 redi
1005 928 1102 995 modo
1125 942 1219 995 extra
1232 952 1349 1017 agmen

247 1029 273 1062 ‘⁶
288 1016 419 1093 audeat,
434 1040 473 1083 ne
487 1016 572 1105 ipsos
591 1017 722 1105 quidem
740 1017 858 1083 debere
880 954 1042 1083 dubitare.
1089 1014 1128 1081 Id
1143 1040 1210 1105 quo
1227 1017 1350 1104 majore

248 1105 407 1171 “faciant
425 1104 544 1178 animo,
567 1128 605 1169 oo
629 1104 675 1169 ias
697 1128 731 1169 se
754 1128 861 1171 omnes
885 1126 947 1191 pro
970 1102 1082 1169 castris
1102 1102 1293 1169 habiturum
1315 1115 1349 1167 et

247 1192 406 1257 “terrori
433 1190 579 1258 hortibus
603 1128 786 1257 litturum.''
830 1190 1040 1267 Conclamant
1060 1190 1198 1278 equites,
1222 1202 1244 1231 “
1261 1214 1349 1257 sanc-

246 1290 270 1321 “
285 1278 406 1344 tissima
413 1278 624 1379 jurejurando
636 1278 818 1350 confirmari
829 1292 993 1367 oportere,
1005 1302 1045 1344 ne
1057 1290 1144 1344 tecto
1156 1278 1221 1343 reci
1249 1278 1349 1353 iatur,

248 1378 272 1411 “
289 1388 329 1431 ne
343 1364 386 1430 ad
399 1366 531 1445 liberos,
545 1388 585 1431 ne
599 1366 640 1431 ad
653 1380 813 1455 parentes,
827 1390 866 1431 ne
879 1366 921 1430 ad
935 1389 1069 1432 uxorem
1079 1365 1204 1431 aditum
1260 1367 1348 1441 beat,

247 1464 273 1497 “
313 1452 347 1517 ui
360 1476 425 1518 non
440 1453 490 1517 bis
504 1476 563 1541 per
576 1476 692 1541 agmen
705 1452 846 1519 hostium
861 1453 1108 1543 perequitarit.''

288 1475 345 1603 b'l.
371 1540 515 1605 Probata
540 1564 576 1605 re
598 1553 698 1628 atque
724 1540 941 1607 omnibus'ad
963 1541 1189 1629 jusjurandum
1212 1538 1349 1615 adactis,

308 1638 379 1691 tero
391 1626 445 1692 die
459 1628 492 1693 in
507 1627 565 1693 tris
580 1642 688 1717 partes
700 1627 879 1695 distributo
892 1628 1054 1730 equitatu,
1075 1628 1148 1693 duae
1161 1651 1194 1691 se
1207 1627 1292 1693 acies
1306 1628 1348 1693 ab

247 1650 375 1782 diibus
386 1714 543 1781 lateribus
554 1715 744 1781 ostendunt:
769 1739 833 1781 una
843 1740 862 1780 a
874 1720 980 1804 primo
992 1712 1119 1803 agmine
1128 1715 1191 1782 iter
1202 1715 1349 1801 inpedire

247 1802 360 1891 coepit.
406 1801 482 1878 Qua
503 1827 539 1867 re
560 1803 725 1879 nunciata,
750 1801 857 1869 Caesar
882 1826 976 1868 suum
998 1825 1129 1890 quoque
1150 1802 1347 1889 equitatum,

246 1892 418 1978 tripartito
432 1888 580 1965 divisum,
605 1904 719 1955 contra
733 1888 857 1955 hostem
874 1890 921 1955 ire
937 1889 1044 1977 jubet.
1090 1888 1264 1975 Pugnatur
1285 1912 1348 1955 una

247 1976 702 2065 tuncomnibusinpartibus:
726 1978 871 2043 consistit
882 1998 1011 2065 agmen:
1035 1975 1255 2064 inpedimenta
1265 1976 1348 2043 inter

246 2062 388 2151 legiones
413 2063 627 2152 recipiuntur.
674 2064 711 2128 Si
737 2088 802 2151 qua
826 2064 859 2129 in
882 2072 985 2153 parte
998 2066 1100 2129 nostri
1119 2062 1270 2129 laborare
1290 2074 1347 2127 aut

246 2150 379 2239 gravius
404 2150 507 2251 premi
528 2149 734 2226 videbantur,
755 2174 793 2214 eo
815 2152 906 2239 signa
929 2151 1040 2217 inferri
1061 2150 1168 2215 Caeaar
1182 2150 1284 2215 aciem
1309 2174 1348 2215 ue

247 2236 393 2303 converti
404 2236 555 2323 jubebat:
579 2260 652 2322 quae
665 2259 715 2301 rea
731 2248 764 2300 et
778 2235 884 2303 hostes
896 2237 938 2303 ad
953 2238 1018 2303 inse
1043 2237 1182 2303 nendum
1198 2237 1292 2303 tarda
1335 2246 1349 2301 t

247 2334 282 2387 et
303 2336 429 2387 nostros
458 2346 515 2410 spe
540 2322 651 2387 auxilii
680 2322 901 2389 confirmabat.
947 2260 1092 2391 Tandem
1123 2324 1278 2389 Germani
1307 2324 1348 2391 ab

246 2408 364 2477 dextro
384 2408 498 2485 latere,
520 2432 680 2475 summum
698 2411 816 2498 jugum
833 2411 931 2487 nacti,
952 2410 1058 2478 hostes
1072 2412 1144 2477 loco
1157 2410 1198 2475 de
1241 2411 1347 2487 llunt;

247 2496 408 2585 fugientes
481 2519 521 2561 ue
532 2494 573 2560 ad
587 2495 716 2573 flumen,
730 2497 788 2562 ubi
802 2497 1050 2589 Vercingetorix
1060 2522 1135 2564 cum
1142 2435 1348 2599 pedestribus

247 2584 350 2672 copiis
372 2519 571 2660 confoderat,
598 2594 841 2686 persequuntur
866 2587 1114 2674 compluresque
1140 2584 1347 2651 interficiunt.

250 2672 326 2747 Qua
345 2694 380 2737 re
396 2670 627 2748 animadversa,
650 2672 780 2760 reliqui,
802 2694 841 2737 ne
857 2673 1178 2747 circumvenirentur,
1195 2673 1303 2749 veriti,
1319 2698 1350 2739 se

247 2758 334 2846 fugae
363 2758 525 2825 mandant.
571 2758 730 2826 Omnibus
761 2759 839 2826 locis
863 2760 900 2825 fit
927 2759 1041 2827 caedes:
1074 2771 1141 2825 tres
1161 2758 1349 2826 nobilissimi

250 2844 351 2910 AEdui
374 2846 463 2934 eapti
490 2846 533 2911 ad
561 2848 720 2911 Cesaram
749 2846 993 2935 perducuntur:
1034 2847 1149 2921 Cotus,
1177 2848 1350 2935 praefectus

224 2933 409 3018 'equitum
437 2932 494 3019 qui
523 2934 775 2999 controversiam
805 2958 879 2999 cum
909 2933 1168 3001 Convictolitane
1197 2934 1351 3022 proximis

247 3017 387 3083 comitiis
395 3017 570 3094 habuerat;
585 3032 619 3084 et
630 3020 824 3097 Cauarillus,
835 3021 891 3109 qui
906 3034 981 3110 post
991 3020 1202 3087 defectionem
1214 3020 1350 3087 Litaviei

248 3104 454 3194 pedestribus
474 3106 575 3193 copiis
616 3108 785 3182 metuerem
806 3122 841 3174 et
857 3107 1062 3196 Eporedirix,
1084 3131 1150 3195 quo
1171 3107 1255 3173 duce
1275 3122 1351 3175 ante

143 3220 159 3233 ’·
247 3191 426 3258 adrentum
441 3192 575 3258 Caeearis
655 3193 688 3258 ui
702 3219 776 3260 cum
795 3196 952 3283 Sequanis
967 3196 1055 3260 bello
1069 3193 1313 3261 contenderant.

291 3278 344 3343 68.
367 3279 497 3368 Fugato
514 3280 778 3368 ornniequitatu,
802 3282 1051 3371 Vercingetorix
1075 3282 1183 3371 copias
1204 3306 1289 3359 suas,
1312 3297 1350 3350 ut

247 3390 310 3456 pro
325 3368 437 3432 castris
449 3366 684 3443 conlocauerat,
699 3368 844 3443 reduxit;
867 3370 1080 3458 protinusque
1095 3368 1248 3445 Alesiam,
1262 3372 1351 3461 quod

246 3465 296 3519 est
320 3454 480 3543 oppidum
498 3454 766 3533 Mandubiorum,
788 3456 850 3523 iter
872 3458 978 3523 facere
995 3457 1111 3547 coepit;
1133 3456 1350 3547 celeriterque

282 3696 316 3745 Iu
326 3700 438 3760 agnete.
471 3692 513 3744 Sic
535 3694 772 3747 Andin.et010n.
856 3702 1013 3763 Eporedirr'e.
1046 3700 1118 3764 Ejus,
1137 3698 1170 3749 de
1189 3714 1243 3763 quo
1265 3690 1348 3751 sermo

248 3757 333 3823 Vulgo
345 3766 456 3822 uomere·
822 3782 846 3817 c.
859 3772 899 3815 54.
911 3776 980 3830 pater
989 3766 1029 3815 rel
1039 3782 1112 3815 avus.

281 3828 310 3873 m·
321 3828 489 3888 patratae.
504 3826 550 3877 ulii
565 3827 641 3877 rebrat
656 3830 716 3877 ruis.
733 3831 773 3877 irs·
860 3834 890 3880 Ut
897 3834 1047 3895 procadrr'a
1059 3831 1076 3879 i.
1085 3847 1109 3878 e.
1120 3846 1152 3879 eo
1164 3830 1261 3893 ordine,
1270 3848 1332 3897 qao.

242 3888 458 3952 pedimeutoruo.
855 3898 971 3947 Alesiam.
1000 3896 1028 3945 Si
1039 3896 1114 3944 codd.
1123 3904 1173 3943 vet.
1181 3894 1256 3949 bene.
1273 3898 1348 3949 Dicta

283 3954 337 4003 Iter
346 3958 441 4016 confici.
456 3955 604 4018 aliisoeere.
820 3960 918 4025 qnippe
934 3962 979 4009 dxl
993 3962 1033 4014 eis
1046 3960 1110 4009 md
1121 3961 1160 4011 riu
1171 3963 1289 4027 “patries
1298 3964 1351 4023 (τό

285 4018 328 4065 Be
336 4036 385 4081 per
394 4037 496 4084 waren.
529 4022 559 4069 Ti
575 4024 612 4073 bt't
629 4022 654 4072 ln
668 4022 774 4087 quibua·
822 4026 968 4091 Ἦμιλίωε)
979 4026 1044 4081 ἕλκε.
1054 4034 1121 4089 leste¹
1129 4024 1205 4075 Diod.
1215 4024 1268 4077 Sic.
1276 4032 1302 4089 4,
1312 4034 1347 4077 19.

248 4082 395 4131 damdeest.
427 4086 528 4136 Gnaeus
538 4086 623 4137 babet.
824 4092 956 4155 Polyaenus
971 4096 995 4149 Θ,
1013 4095 1054 4149 28,
1073 4094 1111 4140 ll.
1134 4091 1250 4139 Ἀλιισίιι
1267 4103 1348 4143 vocat.

283 4147 519 4223 Adjuq'armm
532 4154 639 4203 alecto.
672 4154 699 4203 ln
715 4154 774 4205 aliis
824 4154 1096 4217 vulgoazeeradicn.
1129 4156 1254 4206 Restituit
1263 4174 1347 4209 verum

249 4219 398 4277 preposrtro
408 4214 487 4275 deest,
498 4226 526 4265 ut
536 4216 566 4266 C.
581 4222 603 4278 l,
612 4221 652 4267 76.
664 4229 690 4267 et
699 4226 725 4279 2,
735 4225 774 4272 18.
823 4236 915 4271 nomen
926 4220 1092 4271 &carbonum
1102 4220 1128 4270 in
1139 4222 1263 4273 Strabone
1281 4224 1311 4273 L.
1323 4228 1346 4285 4,

281 4280 411 4346 Aoiemqu
422 4285 539 4331 roncata
550 4282 597 4333 alii
607 4289 730 4337 emunctam
823 4303 851 4351 p.
863 4289 919 4335 291.
936 4294 961 4336 et
980 4286 1085 4335 Vossius
1105 4286 1130 4335 in
1149 4287 1251 4337 Velleio
1268 4295 1292 4349 2,
1307 4292 1346 4339 47.

282 4345 364 4397 eoru.
396 4342 577 4399 Chen-M·
823 4354 940 4403 Ceterum
951 4352 1100 4403 medioaevo
1118 4351 1346 4410 libmiislitems

822 4426 849 4469 et
856 4434 876 4469 a
884 4426 1025 4486 permutare
1035 4419 1147 4502 solemne
1158 4416 1214 4469 luit.
