2909 4809
152 229 166 238 „
248 220 316 290 uz
401 189 469 288 ἰ.
494 213 646 288 uisuri
668 212 733 288 nu
756 205 1173 287 numerauimus.

248 420 272 452 ‘⁴
287 368 399 486 milii,”
416 404 537 496 iuquit,
557 417 581 448 ‘⁸
596 405 715 482 Cesar,
731 404 848 481 vereri,
869 403 895 470 si
910 403 977 472 hee
991 403 1074 472 vada
1087 403 1199 496 primis
1214 401 1360 472 navibus

249 507 273 539 “
290 495 472 570 intraveris,
494 518 534 561 ne
572 493 639 562 rius
654 491 805 560 dimicare
819 492 955 582 cogaris,
976 515 1076 581 quem
1099 491 1258 581 reliquum
1272 491 1359 558 elas-

250 593 356 650 “sem
375 517 657 672 possisexplicsre.
702 579 806 647 Nobis
827 603 896 646 rem
919 580 1096 658 committe,
1118 603 1175 647 nos
1197 577 1359 669 proelium

250 680 274 713 “
290 668 527 746 sustinebimus,
548 670 668 756 (neque
682 677 775 734 tuum
791 666 942 734 'odicium
957 667 1118 755 fallemus)
1137 666 1215 733 dum
1230 665 1293 733 reli
1321 667 1358 732 ui

250 763 274 800 “
288 757 543 846 subsequantur:
565 755 624 822 hos
637 754 766 844 quidem
780 691 903 820 diutius
921 753 954 820 in
969 766 1079 821 nostro
1093 764 1266 842 conspectu
1293 690 1358 820 lo·

251 856 275 887 “
290 843 380 920 riari,
393 865 513 933 magno
524 841 617 909 nobis
629 855 665 908 et
677 840 828 908 dedecori
842 851 876 906 et
889 839 996 907 dolori
1009 845 1090 908 est.”
1135 835 1242 907 Cesar
1257 775 1358 906 illum

249 929 454 1007 adhortatus,
477 941 578 1019 atque
597 927 747 996 omnibus
768 926 918 995 laudibus
933 941 1135 1018 prosecutus,
1153 929 1210 995 dat
1222 927 1357 1017 signum

251 1039 379 1108 pugnae.
427 1017 471 1082 Pr
630 1013 720 1080 ultra
734 1015 852 1082 vadum
865 1027 1008 1103 quatuor
1023 1015 1164 1083 Rhodias
1178 1037 1276 1081 naves
1291 1015 1358 1080 cir·

252 1104 445 1171 cumsistunt
458 1104 488 1167 A
503 1101 669 1170 exandrini
691 1114 792 1191 atque
812 1103 846 1170 iu
860 1125 913 1168 eas
932 1103 1081 1191 inpetum
1095 1103 1227 1169 faciunt.
1277 1102 1358 1168 Sus-

251 1191 357 1257 tinent
378 1189 429 1256 illi
449 1199 550 1276 atque
572 1199 646 1254 arte
669 1187 877 1278 sollertisque
899 1211 933 1254 se
954 1189 1131 1277 explicant:
1163 1213 1201 1256 ac
1223 1199 1358 1254 tantum

251 1275 399 1344 doctrina
420 1276 543 1364 potuit,
564 1287 604 1340 ut
623 1275 658 1340 in
679 1273 802 1364 dispari
815 1298 949 1342 numero
968 1275 1061 1344 nulls
1075 1289 1256 1344 transversa
1270 1273 1360 1341 hosti

252 1363 461 1452 objiceretur,
479 1361 600 1428 nullius
613 1363 694 1428 remi
707 1361 968 1450 detergerentur,
988 1362 1045 1428 sed
1058 1386 1184 1452 semper
1198 1362 1360 1428 venienti·

252 1450 316 1517 bus
328 1449 470 1516 adverse
483 1460 701 1516 occurrerent.
747 1447 881 1516 Interim
905 1459 980 1514 suut
1000 1448 1133 1538 reliquae
1159 1449 1355 1516 subsecutae.

255 1537 342 1604 'l'um
354 1535 531 1602 nammatio
544 1535 716 1603 discessum
731 1535 773 1600 ab
785 1548 856 1602 erte
871 1547 932 1612 est,
947 1548 1083 1638 propter
1096 1535 1263 1626 angustias
1277 1535 1358 1610 loci,

254 1638 354 1776 ”lue
369 1646 462 1690 omne
476 1635 637 1690 certamen
650 1622 683 1687 iu
697 1621 817 1688 virtute
832 1621 987 1690 constitit.
1032 1623 1065 1689 N
1067 1647 1149 1726 eque
1164 1645 1241 1690 vero
1255 1622 1358 1688 Alex·

254 1735 297 1779 an
320 1710 376 1776 rire
391 1710 456 1776 fuit
469 1710 639 1811 quisquam
653 1722 713 1775 aut
727 1720 924 1785 nostrorum,
948 1720 1005 1775 eut
1019 1711 1272 1799 oppidanorum,
1296 1709 1358 1797 qui

255 1798 479 1900 autinopere,
491 1809 548 1862 aut
560 1795 842 1886 mobpuguatione
853 1807 1048 1885 occupatum
1058 1797 1198 1864 animum
1208 1796 1359 1872 haberet,

256 1885 336 1975 quin
351 1884 505 1951 altissima
524 1895 610 1950 tecta
633 1895 759 1972 peteret
780 1895 879 1971 atque
902 1905 943 1948 ex
957 1883 1044 1949 omni
1058 1894 1231 1974 prospectu
1247 1883 1358 1949 locum

255 1971 439 2078 ppectaculo
452 1982 583 2060 caperet
595 1970 812 2060 precibusque
823 1983 858 2036 et
871 1969 955 2036 votis
968 1969 1139 2038 victoriam
1152 1970 1215 2038 suis
1229 1969 1273 2036 ab
1288 1970 1360 2036 Diis

131 2125 139 2134 ,
256 2058 483 2126 inmortalibus
494 2068 692 2147 exposuerat.

307 2147 357 2212 lo.
381 2144 518 2212 Minime
535 2155 644 2212 autem
660 2167 721 2233 par
734 2154 806 2212 eret
819 2141 926 2233 proelii
939 2155 1117 2210 certamen:
1141 2142 1258 2211 nostris
1271 2144 1358 2210 enim

257 2255 389 2322 prorsus
414 2253 520 2333 neque
545 2244 635 2297 terra
660 2237 765 2319 neque
794 2231 876 2298 mari
904 2231 1061 2320 effugium
1084 2230 1226 2300 dabutur
1251 2231 1359 2308 victis,

260 2319 429 2407 omniaque
444 2317 621 2383 victoribus
642 2330 736 2384 erant
758 2317 871 2386 futura
889 2319 923 2385 in
938 2319 1076 2385 incerto:
1099 2318 1160 2394 illi,
1175 2319 1200 2386 si
1213 2342 1361 2421 superus-

262 2417 335 2471 sent
355 2403 503 2478 nevibus,
518 2403 623 2470 omnia
637 2414 800 2482 tenerent3
821 2407 847 2472 si
863 2404 1029 2473 inferiores
1042 2402 1186 2482 fuissent,
1202 2406 1361 2494 rehquam

262 2504 371 2560 tamen
385 2492 552 2557 fortunam
565 2490 836 2580 periclitarentur.
883 2491 988 2558 Simul
1010 2490 1093 2558 illud
1106 2515 1205 2580 grave
1219 2515 1257 2558 ac
1272 2493 1362 2558 mise·

263 2601 337 2672 rum
350 2576 537 2654 videbatur,
560 2601 740 2668 perpaucos
752 2579 793 2646 de
807 2577 929 2646 'summa
941 2602 1051 2646 rerum
1069 2603 1107 2644 ae
1121 2578 1164 2645 de
1177 2579 1282 2646 salute
1292 2602 1363 2644 om·

262 2666 352 2733 nium
362 2665 544 2732 decertare:
567 2688 709 2753 quorum
720 2667 746 2732 si
759 2667 815 2756 qui
825 2679 882 2734 aut
893 2665 998 2734 animo
1008 2675 1067 2732 aut
1075 2665 1198 2732 virtute
1209 2667 1362 2744 cessisset,

265 2753 398 2843 reliquis
411 2752 510 2819 etiam
522 2765 604 2820 esset
618 2753 805 2829 cavendum,
824 2751 944 2841 quibus
983 2776 1021 2820 ro
1035 2777 1068 2819 se
1081 2751 1248 2842 pugnandi
1264 2754 1362 2820 fucul-

264 2851 315 2905 tas
329 2861 393 2905 non
406 2839 528 2906 fuisset.
575 2837 656 2905 Haec
668 2839 887 2929 superioribus
901 2777 1016 2906 diebus
1026 2861 1244 2929 sepenumero
1256 2839 1363 2907 Caesar

264 2925 329 2992 suis
353 2938 559 3016 exposuerat,
586 2939 624 2992 ut
649 2925 711 2994 hoc
737 2927 851 3016 majori
874 2927 980 2993 animo
1004 2926 1247 3004 contenderent,
1272 2926 1362 3015 quod

265 3013 408 3078 omnium
421 3011 559 3078 salutem
577 3012 638 3080 sibi
656 3015 908 3082 commendatam
922 3013 1082 3082 viderent.
1126 3013 1249 3080 Eadem
1269 3037 1363 3080 suum

264 3098 402 3188 quisque
416 3099 695 3176 contubernalem,
716 3101 865 3178 amicum,
887 3113 1001 3167 notum
1015 3123 1209 3190 prosequens
1222 3111 1294 3168 erat
1308 3102 1363 3167 ob·

264 3196 414 3263 testatus,
430 3208 471 3252 ne
485 3209 575 3252 suam
589 3197 690 3276 utque
703 3187 847 3255 omnium
862 3187 991 3255 falleret
1004 3187 1200 3278 opinionem,
1223 3211 1362 3277 quorum

262 3271 384 3366 judicio
409 3271 558 3342 delectus
590 3273 632 3342 ad
661 3297 806 3366 pugnam
838 3274 1105 3365 proficisceretur.
1159 3273 1276 3365 ltaque
1305 3275 1362 3342 hoc

239 3542 245 3554 ,
301 3502 397 3552 Primo
406 3503 521 3554 meum.
537 3500 605 3553 bene
620 3499 669 3561 sic,
685 3514 797 3552 mmse·
843 3509 1064 3566 terpretumeutum
1077 3508 1116 3552 est
1130 3501 1193 3566 ejus,
1208 3501 1363 3566 quinione-s

286 3565 353 3616 uitur
362 3569 486 3632 reboemus
495 3570 608 3619 etonem.
632 3566 673 3616 Cl.
684 3567 795 3618 Gronov.
843 3565 932 3626 voluit,
952 3567 1040 3632 pulsos
1054 3574 1079 3618 et
1089 3567 1199 3619 victores
1214 3567 1322 3633 obponi,
1337 3577 1363 3618 ut

217 3667 228 3678 .
268 3583 332 3682 bhs.
357 3635 421 3692 1‚r.
460 3631 522 3693 alii,
543 3647 590 3682 nec
611 3631 679 3682 mals
694 3635 796 3697 mmm
842 3631 925 3683 victos
934 3640 961 3681 et
972 3631 1090 3684 victores.
1105 3633 1144 3681 M.

268 3697 382 3748 nomba.
877 3698 931 3757 lut,
946 3700 969 3746 σι’
983 3713 1070 3762 nuper.
1103 3697 1190 3750 Minus
1209 3699 1264 3750 heo
1282 3707 1363 3749 cone·

303 3763 406 3812 Nauis·
415 3765 488 3812 nusi.
519 3761 601 3812 eom.
615 3761 722 3826 quidam
736 3761 795 3811 nul·
842 3763 1362 3828 rentcumprsecedentibus,uisubsudias

269 3825 477 3892 insecutique.
842 3843 932 3893 quem.

302 3893 347 3940 Ee
371 3895 439 3942 omes
460 3900 603 3958 prospectu,
629 3905 794 3957 quocumque
877 3893 934 3942 nst.
956 3897 989 3941 et.
1009 3899 1069 3942 stret
1088 3895 1236 3946 ewardum.
1266 3893 1315 3944 sibi
1333 3895 1362 3942 de

269 3955 371 4004 demum
385 3956 445 4006 loco
461 3967 526 4010 stare
535 3966 563 4007 et
578 3957 724 4022 prospicere
735 3972 796 4021 pos-
842 3956 934 4006 salute
951 3957 1137 4022 Eddqusedsm
1144 3959 1362 4024 osdendsmmuod

269 4027 316 4070 set·
333 4020 378 4082 M„
516 4064 518 4071 .
787 4065 791 4074 ,
844 4021 1056 4086 Devisioplacet.
1084 4023 1362 4075 Rossetusetchrkius

281 4085 600 4159 ‘nmmmpm
631 4085 794 4138 Fereomues
842 4087 944 4137 voluere
955 4087 1102 4138 cudendum
1116 4103 1167 4138 uon
1178 4105 1253 4156 opus.
1286 4089 1362 4143 uuio

270 4145 492 4213 libnpropmsus
502 4151 701 4217 babentputss‘s:
716 4153 794 4203 bens.
811 4171 815 4177 ·
842 4151 927 4206 miuus
935 4151 1052 4206 admittes
1061 4152 1155 4210 dutinii
1165 4155 1295 4212 lunden.

270 4213 320 4264 Sed
330 4212 366 4265 ita
374 4229 435 4268 mor
444 4215 571 4271 delebitur
580 4221 660 4279 uuus,
673 4219 744 4285 quod
754 4216 794 4271 in·
