2909 4809
374 218 376 225 ’
454 251 543 326 nna.
564 253 612 324 11.
656 253 759 326 cur.
786 255 922 324 14-16.
1164 257 1233 329 '321

131 465 195 534 per
207 442 312 511 coelur
325 443 555 512 violetiesuam
576 446 736 512 virtutem
751 446 863 512 inrisui
889 447 958 512 fore
984 443 1232 534 perdoluerunt,

132 530 239 619 quod,
254 531 341 598 unde
354 555 456 622 agger
470 533 599 599 omnino
625 533 813 622 conportari
834 547 953 621 posset,
974 533 1054 622 nilril
1075 549 1146 600 eret
1160 539 1233 603 reli·
1285 591 1292 610 ,

132 641 254 720 quum:
276 618 426 686 omnibus
450 619 624 686 arboribus
649 618 746 707 longe
770 621 900 706 lateque
926 620 959 685 in
982 619 1099 685 finibus
1121 623 1234 689 Maesi-

130 703 279 772 benoium
293 706 405 772 excisio
427 717 462 771 et
476 705 648 784 convectio,
675 718 868 795 “aggerem
892 706 967 771 novi
989 709 1114 796 generi·
1133 723 1234 797 etque

90 799 98 804 ’
132 801 156 837 “
171 792 355 858 inauditum
369 805 409 858 etr
423 792 573 858 lateritiis
585 793 714 858 duobus
727 793 841 868 muris,
868 817 979 858 senum
994 794 1111 880 pedum
1123 799 1234 862 craesi-

130 887 155 920 “
171 879 298 956 tudine,
312 893 414 968 atque
429 903 541 944 eorum
551 902 720 945 murorum
734 880 1006 968 contignationem
1020 880 1125 946 facere
1145 883 1233 948 insti·

130 978 156 1008 ⁴⁸
172 957 321 1041 bierunt,
343 989 436 1054 reque
462 967 531 1032 fere
555 966 742 1042 latitudine,
765 979 864 1053 atque
887 966 942 1032 ille
968 967 1177 1055 congestitius
1191 990 1232 1036 er

130 1063 156 1098 ‘⁶
172 1053 308 1118 materia
328 1054 436 1118 fueret
458 1076 570 1154 agger.
616 1052 687 1119 Ubi
700 1053 916 1142 eutrapatium
937 1053 1023 1118 inter
1037 1077 1158 1130 murco,
1173 1069 1233 1123 aut

130 1151 155 1184 ‘⁴
170 1137 367 1206 inbecillitas
379 1151 522 1206 materne
535 1139 701 1228 postulare
716 1139 897 1215 videretur,
927 1140 1003 1228 pilae
1018 1140 1231 1230 interponun-

130 1239 155 1268 “
170 1238 239 1304 tur,
261 1227 491 1294 transversaria
513 1227 538 1291 ti
563 1249 605 1292 na
623 1226 825 1314 injiciuntur,
849 1249 923 1313 quae
945 1225 1146 1294 firmamento
1165 1253 1231 1296 eree

129 1325 155 1358 “
171 1313 314 1401 possint:
337 1326 384 1393 et,
397 1251 562 1401 quidquid
569 1325 618 1378 eet
638 1313 874 1401 contignatum,
898 1314 1044 1379 cratibus
1059 1317 1233 1382 consterni·-

130 1413 154 1444 “
170 1413 228 1466 tur
240 1411 412 1488 cratesque
425 1399 498 1466 luto
512 1401 547 1464 in
603 1403 735 1465 untur.”
782 1401 854 1466 Sub
869 1412 955 1466 tecto
970 1400 1073 1475 miles,
1099 1399 1232 1470 dextere

128 1511 169 1554 ec
182 1471 311 1554 sinistre
323 1494 418 1554 'muro
432 1411 713 1566 tecturdiidvereuo
737 1486 842 1575 plutei
860 1488 1003 1575 objectu,
1029 1487 1122 1576 operi
1144 1513 1232 1578 quae-

128 1597 268 1675 cumque
293 1575 365 1640 ueni
392 1586 481 1648 eunt,
506 1572 574 1640 eine
597 1573 743 1662 periculo
766 1573 950 1661 subportat.
997 1575 1158 1642 Celeriter
1176 1599 1228 1643 ree

128 1661 393 1730 edmnietratur:
416 1659 562 1726 diuturni
588 1660 709 1726 laboris
731 1659 959 1725 detrimentum
973 1660 1103 1725 solertia
1116 1675 1150 1726 et
1165 1665 1232 1728 vir.

128 1759 204 1814 tute
223 1747 364 1816 rnilitum
378 1748 473 1814 brevi
487 1748 752 1816 reconcinnetur:
777 1759 891 1835 porte,
915 1745 1035 1833 quibua
1048 1746 1127 1814 locis
1142 1749 1232 1817 vide-

127 1847 199 1910 tur,
214 1833 393 1923 eruptionis
407 1858 516 1903 renero
529 1835 563 1900 in
576 1857 671 1900 muro
685 1833 926 1921 relinquuntur.

175 1920 226 1986 16.
251 1920 350 1998 Quod
378 1922 437 1987 ubi
463 1920 569 1986 hoetee
598 1921 763 1995 viderunt,
793 1941 842 1994 ea,
870 1941 943 2006 quae
973 1918 1032 1986 diu
1062 1918 1230 2008 longoque

129 2007 415 2098 apetioreficinon
428 2031 521 2096 poree
535 2019 743 2098 sperassent,¹
785 2029 921 2073 ucorum
942 2004 1180 2106 dierumopern
1196 2019 1230 2072 et

126 2093 241 2162 labore
254 2094 301 2160 ite
312 2096 448 2170 refecta,
475 2108 513 2162 ut
532 2095 642 2160 nullus
657 2029 801 2194 perfidiae
821 2117 927 2182 neque
955 2093 1120 2180 eruptioni
1141 2093 1230 2158 locun

128 2195 223 2258 eser,
248 2205 355 2270 neque
379 2182 559 2284 quidquam
581 2203 712 2248 ommno
738 2179 991 2270 relinqueretur,
1019 2203 1084 2266 quo
1111 2191 1168 2244 aut
1195 2181 1230 2246 vi

127 2269 298 2346 militibus,
311 2282 370 2335 aut
384 2269 450 2358 rgni
462 2268 616 2358 operibus
629 2267 740 2357 noceri
753 2280 877 2368 porret3
893 2265 1070 2353 eodemque
1079 2267 1228 2354 exemplo

125 2356 283 2432 rentiunt,
307 2367 410 2421 totam
424 2356 551 2434 urbem,
567 2379 633 2444 que
655 2356 698 2421 eit
712 2355 883 2420 aditus'ab
894 2367 999 2440 terra,
1021 2375 1116 2418 muro
1132 2353 1231 2419 turri-

127 2442 255 2594 busgpe
268 2441 431 2509 circumiri
444 2465 546 2531 posue,
570 2445 627 2518 ric,
652 2455 691 2506 ut
704 2441 782 2530 ipsi·
795 2439 987 2516 consistendi
1002 2439 1035 2503 in
1049 2438 1114 2504 suis
1127 2441 1230 2505 muni-

126 2530 210 2596 tioni
235 2553 273 2594 uo
287 2528 377 2595 locus
390 2552 456 2594 non
467 2542 561 2605 esset,
574 2552 679 2680 guum
694 2551 784 2616 paene
807 2527 997 2592 inaedificata
1023 2527 1055 2590 in
1071 2526 1171 2591 muris
1184 2527 1228 2594 ab

126 2616 274 2683 exercitu
286 2629 398 2682 nostro
410 2615 526 2681 moenia
539 2618 575 2680 vi
597 2627 731 2682 crentur
744 2637 783 2678 ac
795 2613 861 2678 tela
871 2635 968 2677 mauu
979 2611 1227 2700 conjicerentur,

127 2724 324 2790 suorumque
339 2717 578 2780 tormentorum
591 2725 696 2776 usum,
719 2700 840 2787 quibus
855 2699 917 2788 ipsi
940 2719 1057 2784 magna
1072 2699 1228 2798 speravis-

125 2803 211 2866 eent,
235 2790 343 2878 spatio
390 2789 619 2940 ropinfflis
649 2787 801 2860 interire;
825 2785 963 2874 parique
987 2781 1170 2850 conditrone
1184 2789 1227 2854 en

127 2899 223 2944 muro
235 2900 274 2942 ac
288 2814 436 2943 turribus
455 2875 497 2942 be
587 2875 593 2890 '
619 2873 708 2950 date,
731 2872 856 2940 virtute
871 2895 903 2937 ee
919 2869 1035 2936 nostrie
1055 2870 1224 2959 adaequare

164 3089 319 3142 latitudine
352 3091 441 3140 Plures
458 3066 655 3139 meluntoltitir·
700 3085 966 3136 docuerntCellarius.
998 3083 1025 3134 Si
1042 3101 1102 3148 ergo
1120 3089 1225 3138 minora

128 3153 197 3206 atne.
213 3157 252 3204 M.
697 3155 875 3201 reconcinnare
891 3149 990 3210 dicitur,
1008 3149 1060 3199 dici
1077 3150 1156 3198 etiam
1178 3167 1225 3214 po-

163 3223 340 3286 Ccnpeete'tr‘ur.
356 3217 652 3270 Sicorinbeneecodd.
699 3225 748 3265 teet
768 3217 946 3266 detrirncntrrm
963 3219 1144 3274 monctmrart,
1163 3215 1224 3278 quie

129 3282 217 3400 vulgi
227 3294 363 3351 mpertrra.
700 3280 881 3330 detrimentum
901 3279 927 3328 h.
947 3281 964 3328 Ι.
980 3287 1019 3327 eet
1033 3279 1225 3340 detrimentum,

242 3353 362 3415 φαείνω.
394 3349 538 3414 Iegebetur
558 3353 653 3405 anea,
699 3344 991 3408 rniueacceptum(den
1003 3343 1226 3394 Schodeaarober-
1308 3347 1309 3350 ’

130 3417 176 3465 ned
187 3432 204 3464 e
213 3417 290 3464 codd.
300 3426 327 3464 et
337 3417 393 3465 edd.
406 3425 457 3465 vet.
467 3412 652 3464 emendandum
698 3414 779 3468 rer-rr).
796 3413 834 3458 M.
867 3410 933 3458 Scal.
946 3409 998 3472 jam
1011 3407 1090 3457 habet
1100 3414 1225 3459 neonem-

127 3480 209 3531 eneeit
219 3480 348 3530 Chrkiur.
362 3481 483 3530 Correxit
492 3480 560 3527 Oud.
699 3483 786 3526 netur.
812 3475 842 3522 Tt
857 3476 1033 3524 reconcilietur
1048 3474 1224 3538 metaphoram

161 3546 240 3595 nero
258 3553 343 3595 tactem
378 3545 408 3592 'ra'
428 3553 503 3595 tectus
521 3544 652 3593 abundare
700 3537 955 3590 hebetebemicitia.
1218 3560 1221 3566 ·

130 3609 220 3661 »tetuit
229 3609 368 3661 Merchud,
377 3627 401 3676 p.
410 3615 469 3660 268.
487 3610 580 3659 Verum
589 3620 652 3656 con·
735 3606 805 3660 de
814 3605 867 3653 ubi.
877 3603 950 3653 Leid.
961 3609 986 3650 2.
1005 3605 1055 3652 Sed
1062 3606 1112 3654 ubl.
1126 3602 1222 3656 Verum

127 3675 297 3725 sentientibm
317 3677 392 3726 codd.
417 3673 573 3726 abundantia
600 3687 651 3721 non
781 3683 959 3732 nonuunquam
981 3669 1087 3717 eandem
1103 3667 1154 3718 rim
1175 3669 1224 3720 ha·

129 3748 215 3791 nocet.
247 3741 298 3790 Pro
314 3742 360 3790 rub
377 3747 441 3790 tecto
457 3740 505 3791 elii
520 3741 568 3788 ereb
579 3744 652 3797 earo,
718 3743 755 3796 et,
765 3743 794 3784 ut
804 3733 1060 3784 notatMenut.edh.
1071 3734 1088 3782 l.

130 3806 201 3871 quod
214 3805 425 3869 plecetGmtero.
732 3801 950 3849 Adttmattma.
982 3797 1121 3863 Meleport
1138 3799 1224 3850 oditur

163 3871 299 3930 Advertere,
314 3870 429 3920 etroute.
446 3871 484 3919 M.
698 3865 797 3929 virgula
808 3864 913 3912 locetur.

163 3937 371 3986 nomentum.
461 3944 486 3983 te
502 3935 563 3994 hoe,
580 3929 653 3996 quie·
735 3934 880 3980 Circumire·
897 3929 939 3978 Sic
951 3929 1027 3977 codd.
1048 3928 1222 3982 Astedd.vet.

129 3998 285 4064 quiescerit,
296 4001 409 4065 reposuit
438 4017 466 4049 ro
477 3997 652 4048 vitioracodi·
697 3997 882 4053 circumvertit,
896 3993 1181 4058 quodmcepitClerke.

130 4066 316 4116 remorantem
326 4066 510 4128 lectioneque
520 4072 558 4114 ert
567 4077 652 4112 recon-
734 4058 1088 4118 Paenetnoedtfic.—moenr'o.
1121 4059 1221 4110 Moenie

128 4132 242 4182 duone.
271 4131 338 4179 Nem
347 4135 524 4181 remurmuret
535 4129 561 4177 in
572 4128 652 4176 reditl-
700 4125 811 4174 boetium
829 4125 938 4172 lateritia
958 4127 995 4182 (c.
1021 4125 1062 4182 15)
1083 4123 1118 4172 ita
1139 4141 1220 4189 prope

129 4196 211 4246 nudo
236 4195 299 4260 poni
344 4211 371 4246 ro
399 4194 528 4253 resarcire,
548 4194 650 4242 relicere
699 4205 786 4240 murce
824 4188 894 4238 urbia
928 4187 1096 4238 Massiliensis
1127 4199 1223 4240 structe

130 4263 302 4326 certamen
312 4211 409 4312 (liceri
420 4259 472 4320 Qu.
481 4260 555 4319 Fut,
565 4261 588 4308 t.
597 4258 650 4322 jem
699 4262 780 4316 erent,
790 4263 818 4306 ut
828 4271 873 4305 eor
882 4254 933 4305 lere
942 4261 1078 4319 tangerent.
1095 4255 1132 4303 Μ.

1069 4330 1092 4383 Y
