2909 4809
295 1232 627 1337 sacrorn
671 1193 1045 1337 annornm.

83 433 94 684 Ξ

81 689 149 869 ,1,

74 783 87 1230 ἕ

65 1661 71 1740 i

58 1811 65 1920 l
121 1812 390 1910 EDIDERAT
403 1852 478 1909 ante
497 1842 553 1911 hos
566 1817 696 1910 eentum
711 1863 810 1909 annos
825 1840 887 1918 Vir
900 1839 978 1905 clar.
997 1827 1228 1905 Gusrssosa:

56 1923 61 1980 Ι
122 1951 331 2019 Cannsarus
354 1952 387 2019 in
402 1976 494 2021 usum
510 1952 660 2024 studiosae
679 1954 860 2045 juventutis
879 1954 919 2019 C.
937 1950 1038 2017 Jucrr
1060 1947 1225 2015 cassare

120 2064 380 2143 commentarios,
396 2082 548 2135 consueta
561 2068 719 2139 industria
734 2064 929 2145 emendatos,
948 2064 1042 2143 notis,
1060 2060 1181 2129 tabulis
1195 2069 1230 2125 et

120 2170 284 2240 indicibus
309 2174 504 2245 inlustratos.
551 2178 633 2246 Eam
659 2178 833 2247 editionem
859 2178 1031 2268 aliquoties
1055 2172 1229 2265 repetitam

121 2306 209 2352 anno
236 2288 410 2375 superioris
438 2288 548 2357 saeculi
576 2290 772 2381 octogesimo
797 2292 858 2358 sub
888 2290 1037 2357 incudem
1065 2282 1233 2354 revocavit

47 2389 54 2458 l
124 2394 187 2462 Vir
216 2398 318 2466 celeb.
344 2402 488 2468 slsum,
517 2404 579 2471 Fr.
605 2404 774 2470 Nsrnsn.
800 2404 944 2483 Morus,
974 2402 1044 2493 qui,
1067 2400 1231 2473 Dnvrsrr,

125 2515 284 2582 Cusnnrr
306 2530 340 2583 et
361 2520 615 2586 Ounsrsnonrrr
640 2521 672 2586 in
688 2545 763 2586 eum
780 2532 946 2588 auctorem
959 2516 1128 2588 laboribus
1143 2538 1232 2593 utute

125 2624 291 2693 tersiorem
313 2629 417 2693 emisit
440 2630 472 2695 in
492 2630 609 2695 lucem.
657 2630 809 2700 Contulit
830 2643 864 2701 et
880 2631 1019 2700 aliorum
1034 2625 1234 2694 animadver-

124 2734 239 2813 siones,
263 2750 334 2805 tum
360 2762 482 2819 eorum,
508 2764 588 2829 quos
611 2740 676 2831 jam
700 2742 999 2810 Junerausnnus
1027 2738 1145 2807 Caesari
1172 2759 1233 2807 suo

38 2933 44 2946 .
120 2850 286 2943 junxerat,
307 2864 375 2917 turn
391 2854 618 2928 recentiorum,
641 2850 885 2929 Msnrnsnm,
905 2854 1138 2920 Gurscasnnr
1154 2850 1234 2917 alio·

123 2988 276 3055 rumque,
303 2990 383 3055 quos
408 2968 492 3032 inter
513 2978 623 3032 autem
645 2966 818 3033 observata
839 2966 979 3061 Treoua
996 2966 1175 3033 Brnrnrrr
1200 2972 1236 3035 et
1322 3051 1324 3058 Ι

125 3078 210 3145 Jso.
227 3078 249 3143 J
255 3100 387 3155 uarnrr,
411 3102 494 3167 saepe
514 3078 646 3148 nimium
666 3078 789 3161 sedula,
811 3078 901 3145 edita
922 3078 1062 3146 Londini
1083 3104 1113 3167 a.
1139 3062 1234 3144 1742.

37 3181 41 3198 ¹
127 3192 232 3259 oculis
252 3192 367 3280 optimi
381 3192 443 3258 viri
466 3216 532 3257 sese
548 3194 784 3259 subtraxerant.
831 3192 967 3258 Veteres
982 3192 1081 3259 etiam
1094 3189 1236 3257 historiae

127 3300 285 3369 Romanae
308 3302 480 3395 scriptores
508 3304 650 3380 Graecos,
679 3304 939 3382 Paursncnuu,
970 3304 1119 3371 Drouru
1148 3304 1235 3369 Cas-

128 3437 230 3491 srurr,
245 3418 450 3492 Arrrsnuna
464 3415 606 3480 studiose
616 3413 769 3491 contulit,
782 3415 911 3505 parcius
923 3414 1061 3483 Junrurs
1076 3418 1236 3495 Crusurr,
1347 3443 1349 3446 ·

129 3524 189 3615 qui
207 3524 248 3589 de
265 3524 333 3590 vita
348 3524 483 3594 Caesaris
506 3524 648 3621 scripsit,
672 3548 730 3591 nec
747 3524 818 3611 nisi,
842 3524 900 3596 ubi
920 3524 1110 3593 extricando
1131 3524 1236 3596 sensui

128 3638 185 3705 vel
214 3637 413 3705 stabiliendae
437 3637 567 3707 lectioni
594 3638 767 3706 videbatur
794 3638 957 3708 inservire.
1005 3639 1238 3707 Obstetriciam

130 3775 265 3820 manum
293 3751 410 3819 Caesari
435 3765 508 3845 post
538 3752 672 3818 Morum
696 3752 899 3819 commodare
924 3751 1093 3831 invitatus,
1115 3764 1151 3817 et
1175 3752 1239 3817 alia

130 3864 291 3955 quaedam,
316 3864 432 3957 passim
456 3890 475 3933 a
499 3865 604 3931 doctis
626 3864 715 3943 viris,
738 3878 773 3933 et
797 3866 830 3933 in
854 3864 902 3936 h'u
924 3891 945 3932 a
967 3865 1237 3961 cryptonymoin

132 3976 274 4045 Miscell.
302 3975 457 4064 lipsiens.
487 3974 578 4043 novis
602 3988 625 4041 t
647 3978 678 4041 2.
702 3977 765 4042 sub
787 3976 905 4043 litteris
930 3975 957 4041 1.
975 3978 1015 4042 O.
1035 3979 1081 4044 H.
1105 3978 1239 4059 latente,

131 4087 365 4165 animadversa,
381 4089 414 4157 in
428 4084 523 4157 usum
534 4085 692 4159 trahenda
707 4086 834 4176 putavi,
845 4098 882 4155 et
895 4086 1040 4154 lectionis
1051 4087 1243 4157 varietatem

135 4200 251 4293 paullo
267 4199 467 4289 frequentius
481 4199 725 4300 discutiendam,
750 4224 815 4289 qua
829 4224 865 4267 re
885 4201 1086 4291 potissimum
1100 4200 1150 4279 iis,
1173 4196 1243 4287 qul,

402 4312 405 4326 '
1066 4318 1113 4365 at
