2909 4809
441 301 528 388 nun.
553 302 600 390 u.
644 307 748 390 oar.
772 305 869 390 o-t.
1129 305 1198 398 ait

100 508 326 577 laborantibus
353 511 596 577 succurrebant.
644 510 762 599 Neque
784 517 863 578 v'ero
887 511 1048 584 cbn'ubcti
1075 513 1199 596 Albieia

101 598 279 663 comminuo
307 596 482 686 pugnando
507 595 719 672 deficiebant;
750 605 855 686 neque
879 613 934 666 mu
987 609 1019 665 rir
1040 597 1198 672 cedebant

102 681 228 749 virtute
242 686 378 750 nostrin:
400 683 553 749 simulet
572 685 750 751 minoribus
772 687 906 752 navibus
927 689 1043 774 magna
1057 688 1106 756 via
1121 689 1198 758 emi*

103 795 164 836 nua
175 771 268 837 misna
280 771 420 837 telorum
431 772 537 836 multa
549 772 665 841 nostrin
680 772 737 858 [de
748 774 934 862 improviso]
949 771 1199 862 inprudentibus

102 869 202 946 atque
228 857 380 946 inpeditis
410 857 545 923 vulnera
569 859 777 934 inferebant:
817 863 1072 1012 conspicataerpue
1101 865 1197 932 aava

104 945 251 1010 triremes
264 944 340 1010 duae
358 967 471 1010 narem
488 944 531 1010 D.
550 945 659 1021 Bruti,
682 968 756 1032 quae
769 969 809 1012 ex
824 947 938 1038 insigni
954 946 1046 1013 facie
1069 947 1197 1040 agnosci

105 1041 248 1120 poterat,
263 1029 392 1097 duabus
407 1055 449 1097 ex
463 1032 611 1122 partibua
634 1054 701 1098 aeae
724 1033 758 1098 in
782 1055 854 1098 eam
880 1034 1113 1110 incitaverant3
1143 1033 1199 1108 sed

106 1131 247 1193 tantum,
268 1119 461 1207 caprotina,
490 1118 613 1184 Brutus
639 1119 805 1186 celeritate
833 1122 921 1190 uaria
945 1121 1049 1188 enisus
1075 1133 1134 1198 eat,
1160 1115 1199 1188 'ut

105 1227 208 1308 parvo
232 1219 395 1272 momento
423 1206 639 1272 antecederet.
691 1205 761 1272 lllae
786 1205 868 1276 adeo
893 1208 1037 1296 graviter
1058 1205 1145 1275 inter
1165 1233 1198 1278 se

105 1292 244 1358 incitatae
257 1292 484 1368 conflixerunt,
500 1293 817 1360 utvebementiasime
832 1305 978 1384 utraeque
989 1316 1030 1360 ex
1043 1301 1202 1366 concartau

106 1379 312 1454 laborarent;
334 1381 437 1448 altera
454 1403 533 1445 vero
547 1379 720 1468 praefracto
740 1392 846 1448 rostro
869 1389 940 1448 totu
956 1379 1199 1454 conlabefieret.

109 1467 184 1542 Qua
198 1487 235 1534 re.
244 1467 384 1532 animum
398 1465 542 1542 adversa,
581 1487 631 1531 uae
647 1469 799 1556 proximae
815 1469 844 1533 ei
856 1468 927 1534 loco
939 1491 980 1534 ex
995 1468 1090 1535 Bruti
1105 1469 1202 1540 clauae

106 1573 203 1619 naver
224 1565 329 1629 erant,
360 1555 393 1619 iu
416 1577 468 1619 eac
489 1490 649 1643 inpeditas
673 1555 820 1646 inpetum
844 1557 968 1624 faciurut
990 1554 1203 1648 celeriterque

108 1641 218 1705 ambae
231 1640 427 1729 deprimunt.
489 1666 494 1673 ·

151 1728 183 1790 7.
207 1727 273 1792 Sed
290 1727 470 1793 Nasidianae
496 1749 592 1793 mvea
617 1725 709 1792 nullo
733 1727 804 1792 usui
831 1727 965 1794 fuerunt
992 1726 1202 1818 celeriterque

111 1823 221 1903 pugna
239 1827 461 1880 excesseruntz
494 1835 559 1880 non
577 1813 662 1878 enim
677 1811 733 1878 hac
746 1825 804 1880 aut
818 1825 1005 1904 conspectus
1063 1814 1133 1881 triae
1147 1814 1207 1906 apt

110 1902 369 1990 propinquorum
390 1913 551 1989 praecepta
571 1899 614 1964 ad
628 1911 807 1968 extremum
823 1901 898 1966 vitoe
956 1897 1026 1966 riou
1040 1923 1096 1967 um
1115 1901 1205 1970 adire

110 1989 282 2076 cogebant.
317 1987 686 2076 ltaqueexeonumero
700 1987 832 2056 nauium
846 1986 904 2051 nul
950 1986 1129 2054 desiderata
1143 1989 1205 2068 eat,

111 2079 151 2140 eir
167 2067 413 2140 Manilienaium
429 2076 527 2140 classe
541 2073 686 2161 quinque
698 2087 775 2139 aunt.
788 2073 959 2163 depreacae,
975 2083 1117 2162 quatuor
1130 2097 1206 2166 cap

113 2174 166 2237 tae,
196 2184 261 2226 una
286 2185 360 2227 cum
384 2160 566 2227 Nasidianis
585 2159 754 2250 profugit:
790 2183 862 2264 quae
889 2183 997 2229 ournea
1023 2161 1207 2230 citeriorem

114 2247 307 2338 Hispanam
322 2246 530 2336 petiverunt:
562 2259 599 2314 at
622 2271 663 2314 ex
690 2247 821 2335 reliquus
846 2271 912 2314 unu
936 2249 1098 2338 premier
1120 2249 1207 2318 bina·

110 2333 225 2409 ailiam,
252 2333 348 2423 hujus
367 2335 476 2400 nuncii
496 2333 681 2423 perferendi
709 2335 828 2422 gratia,
865 2343 967 2424 quum
994 2337 1060 2424 jum
1089 2336 1131 2402 ad
1202 2364 1206 2372 ·

112 2422 170 2512 pin
195 2429 291 2486 naret
326 2421 415 2498 urbi,
451 2423 552 2486 omnia
589 2445 654 2486 aeae
683 2421 860 2489 multitudo
882 2423 923 2490 ad
953 2439 1129 2512 cognomen
1154 2425 1210 2492 uin

113 2508 178 2578 effu
204 2507 232 2574 it
260 2531 309 2582 ac,
346 2531 396 2589 re,
415 2509 555 2597 cognita,
578 2519 687 2574 tantus
707 2507 815 2574 luctus
836 2507 977 2597 excepit,
1010 2519 1046 2574 ut
1068 2511 1145 2578 urba
1160 2513 1209 2597 ¹ub

112 2595 261 2664 boatibua
294 2607 394 2682 capta
433 2595 545 2662 eodem
579 2594 717 2682 vestigio
753 2595 931 2662 uideretur.
1000 2595 1213 2665 Massilienses

116 2695 224 2748 tamen
238 2679 336 2747 nihilo
351 2683 479 2769 acquina
493 2681 535 2748 ad
550 2680 763 2747 defensionem
783 2683 873 2748 urbis
899 2681 1028 2770 reliqua
1052 2681 1211 2772 adparere

117 2794 168 2837 coe
211 2781 300 2834 runt.
348 2814 363 2834 κ
1044 2777 1051 2793 ’
1204 2805 1213 2820 ·

185 2901 194 2917 .
219 2855 279 2920 Eat
296 2853 554 2921 aninradvermm
567 2855 612 2920 ab
626 2852 820 2943 legionariis,
834 2855 889 2941 qui
904 2854 1070 2922 dexteram
1085 2865 1212 2946 partem

118 2941 227 3032 operia
262 2939 541 3017 administrabant,
577 2965 618 3007 ex
649 2941 772 3012 crebris
806 2939 945 3008 hostium
978 2943 1247 3033 eruptionibus,-

120 3050 237 3115 magno
248 3027 309 3093 aibi
322 3052 390 3094 eane
402 3027 549 3116 praeaidio
565 3053 668 3119 pomo,
690 3029 715 3094 ai
735 3052 796 3117 pro
811 3027 944 3096 castello
956 3052 994 3096 ac
1009 3031 1216 3120 receptaculo
1242 3067 1255 3096 ῳ

121 3116 239 3181 turrim
258 3137 300 3180 ex
321 3114 424 3180 latere
439 3116 500 3180 nub
513 3138 610 3182 muro
633 3114 792 3193 feciaaent,
807 3136 904 3204 quam
918 3117 1024 3205 primo
1044 3115 1087 3182 ad
1101 3138 1216 3206 repen·

158 3286 314 3351 inserebant.
342 3285 411 3335 bene
422 3286 469 3347 aio,
484 3295 513 3336 ut
528 3284 558 3335 G.
569 3289 593 3346 a,
608 3287 646 3334 17.
730 3285 979 3350 Adcoymrccudum.
1000 3283 1147 3338 Haeoverbu
1159 3301 1216 3352 per·

125 3353 259 3403 mititudo
268 3377 302 3388 -
311 3361 483 3402 rotomnam.
507 3349 569 3400 Vid.
579 3359 605 3399 et
612 3349 646 3398 il.
697 3365 783 3414 perum
795 3359 913 3415 suspectu
924 3359 983 3402 aunt
993 3351 1109 3402 Daviaio.

126 3421 150 3465 6.
161 3426 188 3468 et
198 3416 256 3466 Liu.
268 3419 293 3477 2,
305 3425 329 3466 5.
342 3415 402 3465 item
412 3417 490 3466 Gron.
501 3415 647 3474 adtinet,
732 3417 845 3480 διψᾶν.
864 3415 905 3465 ΑΙ.
915 3419 1000 3476 κείω,
1009 3418 1079 3482 quod
1091 3425 1129 3468 eat
1138 3414 1216 3468 idem.

129 3485 167 3531 16.
185 3482 244 3530 Non
256 3497 317 3544 crgo
329 3497 402 3545 opua,
412 3497 471 3530 oum
485 3481 647 3530 Hotomanno
696 3479 738 3530 ΑΙ.
748 3482 856 3544 tapnim,
869 3495 919 3530 nou
931 3482 1006 3532 male.
1027 3483 1065 3533 M.

126 3547 363 3611 legeremopuocr'.
733 3545 992 3598 uiuminativam
1001 3571 1042 3596 -.
1070 3545 1219 3612 lioooaput
1250 3585 1253 3590 .

123 3619 127 3625 '
161 3613 262 3675 latique
279 3610 404 3662 Praetoria
422 3609 494 3660 navia
509 3609 650 3660 tuitvexil·
698 3625 756 3660 cum
773 3625 840 3658 nouo
859 3608 1112 3676 iul'rancogallioum
1123 3627 1217 3662 uernae·

126 3675 180 3726 lum
202 3691 369 3740 purpureum,
388 3675 512 3732 interdum
536 3685 562 3726 et
580 3676 649 3726 aliud
698 3690 757 3724 uem
766 3673 894 3724 transtulit
903 3685 928 3726 et
941 3675 1220 3728 illuntravitGuiaclnr·

127 3739 200 3804 quid.
211 3739 290 3790 coni.
300 3738 421 3790 Schetier.
432 3740 548 3791 demiiit.
557 3757 616 3790 nar.
624 3757 651 3805 p.
700 3741 746 3790 dua
757 3739 783 3788 iu
794 3737 934 3790 thoirea
948 3741 1066 3807 critiquea
1081 3749 1107 3792 et
1116 3739 1220 3792 histori-

131 3807 185 3854 1¹1⁵.
199 3807 237 3854 M.
263 3803 389 3854 bialebic
402 3805 453 3854 'alii
469 3807 652 3869 eaipar'velez
697 3821 761 3868 quea
771 3805 802 3854 T.
814 3809 838 3855 4.
851 3821 876 3870 p.
891 3809 947 3864 104,
966 3823 1024 3856 cum
1040 3808 1092 3872 jam
1108 3807 1218 3858 micui!

128 3873 209 3936 ripato.
231 3869 331 3919 locum
342 3870 486 3920 emendavit
496 3869 614 3922 Fuimus.
700 3869 976 3921 Memoireamiiitairea
985 3871 1017 3922 T.
1028 3876 1053 3920 2.
1063 3887 1089 3935 p.
1097 3875 1138 3922 58.
1146 3887 1219 3924 eum·

167 3935 288 3994 Tantum,
302 3952 331 3985 re
344 3938 453 4000 proviio.
480 3936 653 3988 Aliitontooe
700 3935 857 4012 denitunam
870 3944 1009 4000 tractaaaet,
1029 3945 1058 3988 et
1073 3936 1161 3988 tabula
1176 3939 1220 4014 pri

127 4016 302 4128 mmmm
312 4074 399 4115 rostro.
422 4065 463 4115 Sic
482 4067 555 4117 codd.
569 4066 653 4130 Vulgo
702 4001 1222 4140 {pgrprpprgspffltiofflpnpgffi

129 4130 261 4194 perfracto.
284 4129 369 4179 Voaaii
380 4133 438 4181 cod.
447 4140 584 4197 praerupto.
703 4131 737 4180 du
748 4131 883 4180 Cbevalrer
892 4131 992 4184 Folard.
1005 4148 1031 4198 p.
1044 4135 1085 4182 at.

167 4197 285 4246 Arum
295 4197 408 4246 dumo.
420 4195 487 4245 Oud.
497 4213 511 4246 e
520 4197 580 4246 cod.
593 4195 656 4246 Vul·
742 4195 845 4246 Turrim
853 4199 974 4256 ectum,
981 4195 1067 4248 turrim
1077 4196 1222 4252 laetitiam.

136 4260 365 4324 comedam.
707 4261 746 4310 Μ.
762 4261 844 4312 Bentl.
855 4261 925 4311 addit
934 4265 1071 4316 elutiorm.

169 4327 322 4390 &nemun
344 4323 399 4376 atii
411 4333 542 4391 respectae
