2909 4809
262 209 324 335 rso
566 264 631 337 nu
653 262 804 333 sunno
827 254 1045 335 cituco

256 440 347 515 tulit.
392 444 430 513 ld
440 445 564 513 castelli
577 455 765 514 nomenest.
814 447 1031 513 Hoc'iereest
1046 446 1078 512 in
1093 444 1206 513 mediis
1219 442 1357 513 Eburo·

256 555 334 600 num
345 533 472 613 linibus,
485 535 543 599 ubi
555 534 702 599 Titurius
712 546 811 621 atque
820 534 1060 600 Aurunculeius
1073 532 1230 599 hiemandi
1240 554 1359 598 caussa

255 620 474 687 comederant.
521 621 618 685 Hunc
636 644 737 707 quum
764 621 895 719 reliquis
920 621 1015 685 rebus
1041 621 1148 687 locum
1172 620 1353 709 probabat,

255 718 326 773 tum
342 708 430 795 quod
443 707 615 796 superioris
628 706 703 771 anni
726 706 919 770 munitiones
942 706 1076 796 integrae
1100 708 1287 781 manebant,
1311 718 1355 795 ut

254 794 393 860 militum
419 794 564 859 laborem
589 790 786 856 sublevaret.
833 790 986 857 Praesidio
1001 794 1225 883 inpedimentis
1246 792 1354 881 legio-

253 902 328 981 nem
342 880 424 945 XIV
440 878 585 979 reliquit,
602 900 699 942 unam
722 900 763 941 ex
790 876 827 941 iis
850 878 967 979 tribus,
992 902 1072 982 quap
1099 880 1246 980 proxime
1273 900 1355 944 con-

252 980 400 1131 um
414 963 1352 1150 {illustraremus..uttan5²·

293 1141 348 1204 33.
374 1138 503 1203 Partito
517 1150 673 1212 exercitu,
687 1136 726 1200 T.
746 1136 922 1201 labienum
945 1158 1018 1200 curn
1038 1136 1219 1224 legionibus
1240 1136 1353 1203 tribus

251 1224 293 1292 ad
310 1226 475 1289 Oceanum
489 1246 598 1289 versus
619 1222 652 1287 in
675 1246 728 1288 eas
744 1234 864 1325 partes,
885 1244 957 1310 quae
972 1222 1140 1323 Menapios
1158 1222 1351 1313 adtingunt,

251 1310 411 1401 proficisci
422 1311 536 1402 jubet:
561 1310 601 1374 O.
618 1309 816 1374 Trebonium
831 1332 904 1373 cum
928 1308 1000 1397 pari
1023 1308 1187 1398 legionum
1209 1332 1349 1377 numero

251 1398 295 1464 ad
318 1420 389 1462 eam
413 1396 589 1486 regionem,
616 1419 689 1482 qua
717 1395 896 1461 Aduatuci·
922 1396 1057 1483 adjacet,
1083 1396 1124 1460 de
1150 1395 1350 1484 opulandam

249 1484 375 1550 mittit:
399 1483 410 1547 i
480 1506 554 1547 cum
568 1481 701 1569 reliquis
725 1482 831 1547 tribue
854 1480 896 1547 cd
921 1481 1039 1546 flumen
1066 1420 1228 1557 Scaldem‚
1255 1486 1349 1570 quod

249 1570 356 1637 influit
367 1570 400 1635 in
454 1592 551 1645 osam,
563 1580 788 1655 extremaeque
796 1567 980 1634 Arduenna
1033 1570 1092 1633 rtis
1105 1570 1151 1633 ire
1164 1570 1348 1647 constituit,

249 1678 317 1810 Bao
328 1678 401 1721 cum
416 1656 527 1745 paucis
540 1655 702 1757 equitibus
722 1655 910 1754 profectum
932 1654 996 1718 Am
1021 1654 1155 1745 iorigem
1177 1654 1344 1722 audiebat.

249 1742 369 1919 qullld
361 1764 518 1895 :amital-‘1³⁸
516 1741 705 1904 libelli?
705 1753 821 1928 Ἥ
836 1762 994 1917 {laisidai
996 1742 1283 1928 {iillieiiillfn
1277 1756 1363 1894 ll

249 1928 394 1982 mentum
406 1914 519 1981 deberi
530 1915 593 1980 acie
636 1928 662 1979 t.
702 1850 887 1979 labienum
900 1914 1163 2003 Trebonmmque
1178 1914 1345 1993 hortatur,

143 2066 146 2078 ,
248 2004 275 2068 si
287 2001 474 2091 reipublicae
488 2001 657 2067 commodo
671 2002 776 2066 facere
792 1999 925 2089 possint,
937 2001 979 2065 ad
993 2024 1063 2065 eam
1077 2002 1162 2066 diem
1178 2014 1345 2069 revertan-

250 2102 306 2154 tur
319 2112 328 2163 ;
350 2102 399 2165 ut,
414 2110 524 2154 mraua
537 2088 770 2152 communicato
785 2087 926 2163 consilio,
942 2087 1180 2175 exploratisque
1204 2088 1346 2156 hostium

249 2174 440 2249 rationibus,
455 2174 545 2239 aliud
555 2174 634 2239 belli
646 2173 774 2237 initium
788 2182 906 2263 cap'ere
923 2185 1062 2262 possent.

291 2262 345 2325 34.
369 2261 462 2335 Erat,
474 2273 512 2324 ut
524 2282 625 2348 supra
634 2260 930 2336 demonstravimus,
943 2281 1052 2325 manus
1060 2272 1150 2325 certa
1161 2261 1263 2338 nulla,
1279 2286 1343 2329 non

248 2346 418 2434 oppidum,
447 2368 511 2411 nou
536 2345 729 2434 praesidium,
759 2346 846 2431 quod
871 2370 904 2411 se
932 2345 1027 2412 annis
1052 2346 1264 2424 defenderet;
1286 2350 1342 2415 sed

248 2432 350 2498 omnis
373 2433 406 2496 in
427 2432 531 2520 partis
547 2432 690 2519 dispersa
703 2432 888 2497 multitudo.
905 2452 906 2455 ’
935 2434 1004 2499 Ubi
1029 2434 1144 2521 cuique
1168 2446 1225 2499 aut
1244 2436 1343 2501 ‘vallis

246 2518 370 2595 abdita,
384 2531 442 2583 aut
456 2519 543 2583 locus
556 2518 721 2593 silvestria,
736 2530 794 2583 aut
808 2519 901 2607 palus
916 2518 1070 2607 inpedita,
1092 2542 1181 2608 spem
1203 2522 1342 2608 praesidii

246 2620 305 2672 aut
318 2606 429 2672 salutis
442 2605 585 2693 aliquam
599 2605 781 2680 obserabat,
802 2604 1001 2673 consederat.
1049 2606 1127 2671 Haec
1145 2606 1215 2671 loca
1230 2608 1341 2674 vicini-

285 2776 574 2841 mmmmm.
607 2772 769 2835 ct.s,at-
819 2773 930 2823 Romani
956 2774 1083 2825 dicebaut.
1102 2773 1162 2823 vide
1182 2790 1207 2825 c.
1228 2780 1268 2827 8⁵.
1300 2777 1341 2827 Cf.

246 2840 287 2887 ³8.
306 2840 343 2889 Μ.
817 2838 933 2888 Clericus
942 2840 975 2888 de
989 2846 1042 2888 arte
1052 2838 1108 2889 crit.
1126 2846 1150 2900 2,
1173 2840 1194 2888 l.
1211 2857 1235 2891 c.
1257 2844 1296 2901 1⁰,
1314 2848 1340 2893 5.

282 2902 551 2963 umutmmmmema
560 2902 768 2952 munita.v.ihid.
819 2904 907 2952 Docta.

246 2966 312 3016 luite
323 2982 381 3030 cap.
390 2971 419 3017 ³¹1
431 2970 561 3017 castellum
571 2968 671 3017 dicitur.
689 2970 727 3016 Μ.
851 2968 885 3017 In
893 2966 1014 3030 presidio.
1023 2967 1069 3018 alii
1084 2971 1202 3033 prasidio
1213 2968 1266 3021 sine
1275 2986 1341 3035 pm-

281 3033 428 3083 Atuatucis.
445 3034 471 3083 al
489 3034 524 3084 ad
536 3034 685 3091 Aduatucos,
704 3034 766 3081 item
817 3032 954 3097 positione.

247 3098 401 3148 Aduatucos.
851 3100 936 3161 Supra
946 3096 1079 3147 dmmastr.
1088 3114 1110 3147 v.
1123 3114 1180 3163 cap.
1192 3104 1231 3148 31.
1249 3102 1285 3150 Μ.

280 3164 406 3211 Scaldem.
427 3162 551 3227 interpres
561 3160 605 3210 Gr.
616 3159 689 3219 ὶᾶβιν,
699 3174 765 3209 nunc
850 3164 945 3211 Manat
958 3170 1024 3211 certa
1033 3166 1115 3223 atella,
1124 3164 1192 3227 quia,
1205 3174 1231 3215 ut
1242 3164 1338 3217 itiam

246 3228 367 3275 tamon.-
381 3236 457 3290 atque
472 3225 507 3276 ita
521 3225 647 3289 expeditae
658 3225 767 3276 rationes
816 3234 863 3287 eat,
876 3226 1008 3275 Ambiorix
1018 3227 1106 3291 copiae
1117 3244 1167 3277 non
1178 3231 1338 3291 conduxerat,

245 3301 311 3341 aaut.
338 3290 390 3351 Qui
400 3292 511 3341 Scaldim
522 3292 562 3339 vel
572 3290 684 3339 Scaldem
693 3299 765 3339 tuen·
815 3292 963 3353 aedpassim
974 3292 1050 3340 latere
1058 3293 1173 3355 jusserat.
1192 3296 1229 3343 M.

244 3366 293 3416 tur,
309 3355 336 3404 hi
355 3358 395 3406 vel
414 3372 509 3405 errasse
527 3354 651 3405 Caesarem
668 3354 764 3415 dicunt,
850 3358 907 3406 Non
926 3372 982 3420 opp,
1002 3372 1053 3405 aaa
1072 3358 1174 3420 maid.
1192 3358 1268 3422 vulgo
1285 3375 1337 3411 non

245 3421 287 3469 rel
296 3420 373 3469 aliam
384 3438 450 3471 nunc
464 3421 552 3471 faciem
571 3420 660 3469 horum
680 3418 764 3468 flumi-
812 3435 887 3483 precs.
898 3437 950 3471 non
960 3437 1015 3485 opp.
1039 3420 1104 3471 Dein
1115 3421 1268 3485 distinguunt
1279 3434 1338 3487 post

243 3498 314 3546 num,
335 3500 416 3535 mersa
437 3487 501 3535 sorte
521 3495 591 3535 terra
613 3492 693 3549 parte,
719 3498 765 3546 per
815 3484 966 3547 desmate-en
987 3485 1131 3535 emendavit
1142 3486 1209 3536 Oud.
1221 3504 1253 3537 et
1262 3490 1337 3537 codd.

241 3564 318 3613 quam
327 3551 425 3599 Scaldis
434 3553 465 3599 nd
476 3552 576 3601 Mosam
589 3549 764 3599 decucurrerit.
816 3550 923 3599 Demum
950 3565 976 3599 ro
991 3552 1263 3615 Utdmo'qaealiimele
1278 3554 1336 3602 Ubi·

245 3618 381 3667 vellaria.
400 3616 578 3677 cantara.
604 3612 762 3663 Econtrario
813 3566 983 3678 emiquelroc
1003 3614 1070 3663 enirn
1089 3616 1208 3680 dispersae
1223 3616 1335 3669 multitu-

244 3679 360 3729 Daviaius
380 3688 406 3729 et
426 3678 543 3729 Oudend.
564 3679 629 3729 alios
649 3688 764 3727 auctores
814 3679 1066 3729 diniuoncouvenit.

242 3744 395 3794 recentiores
405 3745 494 3805 secuti,
504 3756 529 3793 et
541 3744 650 3793 Rittcrua
661 3742 686 3791 in
703 3741 763 3791 bist.
848 3746 898 3793 Aut
909 3744 976 3793 locta
986 3770 1019 3780 —
1030 3746 1149 3809 inpedita.
1168 3746 1232 3794 Cod-
1250 3744 1335 3797 Unint

242 3808 308 3858 Gall.
319 3827 345 3874 p.
358 3814 399 3869 86,
411 3810 657 3860 defendunta122mm
673 3806 762 3855 lectio·
812 3808 948 3859 etAndinae
957 3808 1120 3872 membrana
1133 3820 1179 3861 aut
1186 3814 1245 3861 locta
1251 3814 1336 3861 siloes-

240 3876 444 3931 nummatam.
461 3876 499 3925 Μ.
532 3876 596 3924 Ante
605 3874 762 3922 submersam
811 3875 891 3923 tribus
906 3877 982 3937 polus
1000 3876 1118 3938 inpedito.
1157 3876 1234 3925 Bene.
1252 3876 1335 3926 Cant

242 3936 346 3987 Scaldim
383 3940 492 4003 antiquae
525 3948 620 4003 partem
654 3936 762 3985 Scaldim
813 3938 1240 4001 nonvideturingeneremasculino
1249 3942 1334 3989 eilra-

241 4000 373 4051 brachium
390 4004 546 4054 dextrorsum
565 4004 689 4053 Tolenum
707 4018 762 4051 ver·
813 4010 867 4063 trtt,
880 4018 925 4065 pro
936 4005 1053 4064 rilcestm
1074 4003 1175 4053 dixisse.
1194 4006 1232 4053 Μ.
1249 4006 1333 4053 Sedet

241 4066 406 4179 “Pnfmll'ff
416 4068 552 4133 probabile
567 4067 665 4117 videtur
675 4066 762 4117 D’An·
811 4066 899 4181 tlpppioe
918 4070 958 4128 at,
980 4071 1021 4117 28.
1037 4068 1102 4117 dixit
1121 4071 1232 4120 tumulat
1250 4071 1334 4119 siloes·

240 4144 268 4181 Vl
289 4147 322 4180 to.
857 4168 863 4181 .

275 4196 407 4246 Postdiem
417 4202 554 4261 septimum.
582 4196 641 4246 Scil.
654 4195 760 4246 inchoa·
846 4196 909 4246 Haec
929 4198 1028 4245 loea-
1043 4205 1108 4249 nota.
1142 4194 1236 4246 Hiulca
1252 4196 1333 4247 oratio

239 4269 302 4320 tam,
320 4260 382 4319 aive,
400 4274 428 4311 ut
444 4262 542 4322 cenos,
561 4264 595 4312 ad
607 4264 634 4311 d.
645 4277 677 4321 a,
691 4262 760 4325 quod
810 4270 856 4321 eat,
871 4276 926 4326 quac
946 4276 992 4311 nec
1011 4277 1070 4311 cum
1086 4262 1260 4327 superioribus
1278 4262 1334 4313 vin-

239 4324 305 4377 valet
316 4334 374 4377 avite
383 4326 452 4377 ἀὲω
460 4336 522 4393 cept.
533 4326 588 4378 teil.
607 4326 715 4387 finitum,
732 4334 759 4376 ut
809 4327 868 4378 culo
877 4327 961 4392 aliquo
972 4327 1090 4388 conant,
1098 4342 1145 4378 nec
1156 4343 1215 4379 cum
1225 4324 1331 4393 imque
