2909 4809
273 220 342 291 270
612 220 678 290 DE
700 210 852 297 13an
875 214 1033 289 elvini.

272 407 511 483 introduxerat,
525 428 567 477 ex
580 408 704 499 oppido
717 406 830 477 edueit
844 432 883 481 ue
897 406 1057 502 profugit.
1097 404 1197 475 Hunc
1212 426 1255 477 er
1267 402 1375 498 primo

270 496 385 599 ordine
411 496 506 585 pauci
535 497 860 601 denuntiauerunt
884 499 1002 566 milites
1028 497 1202 563 consistere
1226 508 1372 598 cogunt:

268 583 793 760 bitumndiiiibibodiibitiiwiitii
805 586 1023 741 mm
1027 583 1373 773 binriilmiaunpbmailbbi

269 782 335 825 una
348 777 421 824 oum
435 758 473 825 iis
487 758 705 849 deprehensus
727 760 768 825 L.
787 758 922 849 Pupius,
945 756 1101 851 primipili
1119 757 1293 835 Centurio,
1314 756 1371 823 ad·

222 908 228 918 ,
268 846 414 922 ducitur,
429 845 489 934 qui
502 846 588 912 buno
602 847 751 913 eumdeui
765 846 912 913 ordinem
931 847 965 915 iu
979 844 1123 913 exercitu
1140 844 1204 911 Gn.
1222 845 1370 949 Pompeii

267 946 364 1000 antea
374 932 528 999 durent.
560 934 607 999 At
618 934 728 1001 (ἕω
737 932 856 999 milites
868 935 1018 1019 Attianos
1029 930 1215 1008 conlaudat,
1227 932 1371 1020 Pupium

267 1019 418 1100 dimittit,
435 1020 664 1087 Auximatibus
680 1019 752 1111 agit
773 1020 895 1110 gratius
915 1042 1014 1113 seque
1028 1042 1141 1087 uorum
1156 1018 1236 1085 aeti
1249 1042 1369 1089 memo-

268 1130 339 1173 rem
352 1107 423 1173 fore
482 1106 623 1173 llieetur.
682 1142 687 1149 ·
1254 1127 1258 1136 ¹

315 1194 365 1259 14.
390 1195 456 1271 Qun
479 1218 517 1259 us
531 1196 629 1262 rebus
643 1194 783 1264 &mam
798 1194 967 1271 nunciatis,
984 1205 1094 1266 tantus
1108 1202 1246 1283 repente
1259 1202 1368 1257 terror

265 1280 395 1356 invasit,
419 1292 470 1358 ut,
493 1304 595 1371 quum
611 1282 770 1351 Lentulus
785 1284 908 1349 Consul
929 1280 972 1349 ud
990 1279 1202 1372 aperiendum
1215 1280 1367 1345 aerarium

266 1368 416 1443 veninat,
438 1366 483 1433 ad
502 1370 673 1458 pecuniam
696 1370 851 1461 Pompeio
871 1390 912 1436 ex
928 1372 963 1435 S.
982 1365 1366 1459 0.profe1eudam,pro

265 1454 365 1533 tinus,
385 1467 502 1545 aperto
524 1457 683 1524 sanctiore
704 1458 830 1534 aerario,
858 1480 899 1523 ex
920 1458 1002 1524 urbe
1025 1456 1234 1547 profugeret:
1258 1453 1367 1518 ΟΜ

264 1542 350 1608 enirn
363 1540 549 1620 adventare,
569 1546 635 1635 jam
647 1545 714 1635 jam
739 1568 780 1611 ue
794 1556 830 1611 et
843 1544 953 1617 adone
968 1544 1035 1634 ejua'
1048 1542 1175 1633 equites
1186 1540 1271 1607 fabo
1286 1562 1365 1605 nun·

262 1628 443 1696 eiabuntur.
481 1630 581 1697 Hunc
595 1567 772 1699 Maroeiiuu
785 1630 920 1720 conlega
934 1642 968 1697 et
982 1630 1132 1733 plerique
1148 1627 1365 1716 Magistratus

261 1717 426 1782 oomeeuti
440 1729 528 1785 sunt.
574 1721 637 1787 Cn.
655 1718 839 1809 Pompeius,
854 1717 961 1809 pridie
976 1718 1044 1809 ejus
1056 1715 1121 1781 diei
1135 1738 1176 1785 ex
1190 1714 1276 1781 urbe
1291 1736 1363 1801 pro·

263 1804 380 1881 fectus,
403 1804 466 1871 iter
489 1806 530 1871 ad
544 1806 687 1894 legiones
708 1806 864 1883 babebat,
885 1828 966 1895 quas
987 1828 1008 1871 a
1023 1802 1149 1869 Gaeasre
1162 1813 1316 1891 acceptas
1332 1800 1364 1865 in

263 1889 388 1978 Apulia
397 1888 607 1958 hibernorum
619 1915 731 1960 caussa
742 1894 953 1982 disposuerat.
984 1890 1134 1958 Dilectus
1146 1888 1232 1954 intra
1247 1888 1362 1954 urbem

261 1976 540 2045 intermittuntur:
563 1979 643 2046 nihil
662 1982 746 2047 eitra
762 1982 911 2070 Capuam
935 1990 1043 2045 tutum
1068 2000 1133 2043 ease
1153 1976 1305 2043 omnibus
1318 1974 1364 2042 vi·

261 2062 372 2130 detur.
418 2066 541 2155 Capuae
555 2066 697 2156 primurn
718 2088 786 2135 aeae
808 2066 998 2134 confirmant
1017 2076 1052 2129 et
1066 2062 1150 2129 oonli
1175 2076 1248 2138 unt,
1264 2062 1363 2127 dilec-

260 2152 800 2329 u¹,uln⁶
816 2154 907 2306 ³¹:33²
923 2154 1079 2327 tun
1097 2086 1364 2301 iiisstrnl

259 2322 414 2399 babebat,
443 2324 476 2389 in
503 2326 609 2392 forum
635 2328 811 2415 productos
888 2326 998 2392 ntulus
1022 2322 1167 2390 libertati
1193 2321 1362 2389 confirmat

176 2486 180 2503 Ι
260 2420 363 2510 atque
386 2411 423 2475 iis
450 2434 550 2513 equos
574 2413 735 2480 adtribuit
759 2427 795 2480 et
814 2438 849 2480 se
871 2413 963 2515 sequi
984 2410 1099 2513 jussitt
1130 2432 1212 2498 qnos
1299 2422 1361 2486 tm,

258 2508 399 2563 monitus
424 2498 470 2564 ab
489 2522 565 2574 sura,
588 2498 678 2586 quod
701 2523 740 2563 ea
761 2522 812 2565 res
834 2520 976 2565 omnium
996 2496 1121 2587 Judicuo
1144 2519 1241 2586 repre
1264 2495 1360 2563 ende-

293 2738 419 2803 Proserpi.
431 2734 457 2787 iu
465 2738 587 2788 Atrium.
596 2733 652 2785 vid.
661 2751 685 2786 e.
694 2737 735 2784 st.
746 2736 785 2785 M.
834 2736 877 2785 to.
887 2750 914 2798 p.
925 2734 982 2784 450.
999 2737 1037 2784 M.
1070 2734 1206 2787 Rubenius
1222 2737 1249 2785 in
1263 2734 1360 2789 Elaeus

293 2796 337 2853 Eae'
344 2806 425 2869 priato
436 2804 532 2853 ordine·
567 2800 673 2850 Vossius
682 2800 784 2859 maluit,
836 2804 858 2859 l,
869 2804 910 2848 91.
920 2800 1033 2859 volebat,
1043 2814 1094 2849 non
1107 2808 1201 2865 opertu,
1214 2802 1293 2850 male.

258 2884 292 2917 ea
344 2872 350 2883 “
409 2872 522 2931 aquiiae.-
545 2866 710 2915 Marelandus
723 2880 783 2913 vero
867 2864 1005 2913 Eiodesse.
1032 2864 1359 2931 conjunctionemadjecit

259 2934 287 2981 in
322 2932 402 2996 xplie.
412 2941 461 2980 vet.
473 2940 539 2981 auct.
551 2947 578 2995 p.
589 2933 639 2979 165
655 2947 687 2979 eu
695 2933 784 2993 priuauit
833 2926 901 2977 Oud.
918 2944 934 2977 e
950 2930 1024 2979 codd.
1045 2928 1159 2980 Jurinins
1175 2930 1248 2981 malit
1264 2940 1288 2982 et
1299 2936 1358 2997 jasi

257 2999 397 3048 mbae:
422 2996 523 3045 scilieet
542 3010 573 3043 ne
590 2993 669 3043 nimis
687 2995 782 3057 exigua
824 2998 944 3059 juraque.

258 3076 350 3111 manus
369 3060 447 3110 tuine
467 3060 589 3109 videatur.
630 3060 676 3107 Est
695 3068 781 3109 autern
866 3060 1084 3121 Pridieey'ttnds'es'.
1115 3060 1359 3111 UraiuuaetCiacr.

257 3128 318 3177 urdo
328 3142 359 3175 ex
372 3126 464 3175 usitata
474 3125 572 3175 ratione
582 3124 703 3174 centuria.
716 3126 754 3173 M.
832 3124 922 3172 volunt
929 3125 1013 3188 pridie
1023 3125 1103 3186 eidus,
1119 3125 1196 3189 idque
1207 3142 1223 3175 e
1233 3126 1359 3177 Cicerone

293 3194 444 3255 amus,
474 3191 636 3240 Murclandua
653 3190 782 3238 ibideme
831 3189 941 3252 probare
962 3196 1068 3239 tentant.
1101 3190 1170 3241 Oud.
1189 3192 1278 3256 potius
1301 3194 1358 3241 data

258 3260 335 3307 codd.
352 3255 463 3305 lectione
479 3256 519 3306 st,
531 3258 627 3321 Papius
638 3253 703 3303 eruit
716 3257 782 3319 Sps-
831 3268 907 3316 opera
919 3254 973 3303 beu
982 3269 1034 3305 uon
1042 3254 1106 3306 sads
1114 3264 1201 3321 aperte
1211 3257 1280 3307 tradi
1289 3258 1359 3307 arbl-

256 3328 310 3377 n'ar
322 3323 427 3385 Propius«.
444 3322 481 3369 M.
830 3324 916 3367 tratur.

293 3391 325 3437 At
342 3389 435 3436 Cesar.
468 3386 526 3433 lion
539 3385 571 3434 At
581 3385 658 3435 deleri
670 3386 725 3434 vult
735 3384 782 3434 Jo-
864 3384 907 3432 ne
933 3386 997 3435 uerte
1019 3386 1152 3453 profectae,
1178 3402 1194 3436 e
1220 3386 1356 3438 suburbio.

256 3451 345 3511 ninius,
365 3460 450 3499 ortum
472 3468 487 3498 e
507 3448 618 3513 repetito
635 3450 690 3500 sine
708 3450 782 3500 vocis
828 3448 868 3497 Cl.
881 3463 905 3496 c.
917 3452 941 3497 1.
954 3454 978 3499 8.
991 3452 1015 3498 6·
1035 3453 1074 3500 M.

257 3515 432 3583 praecedentis.
864 3512 983 3565 Libertate·
998 3520 1136 3579 confimat.
1169 3518 1358 3571 illiberitani.-

292 3582 335 3631 Ee
347 3583 417 3630 M.
448 3580 492 3629 ct.
502 3596 527 3628 e.
539 3583 562 3628 11.
580 3580 619 3628 M.
828 3578 1058 3630 elmintonam.
1089 3581 1181 3631 Malim
1191 3600 1252 3633 cnm
1264 3582 1357 3649 Lipsio

291 3651 535 3711 mensam.
567 3644 648 3693 Aliter
669 3643 781 3695 seribere
827 3643 938 3702 (Satura.
960 3648 981 3701 l,
1003 3648 1057 3707 li)=
1081 3648 1197 3698 dimoto
1216 3650 1358 3711 (donanda)

258 3712 351 3762 Curari
369 3722 421 3759 non
443 3708 604 3774 permittebat
625 3710 782 3773 posteritatis
828 3710 1063 3771 mnfirmoisteddit
1073 3712 1166 3771 brunon,
1177 3712 1270 3763 liberat
1279 3714 1356 3763 dubl-

258 3774 420 3835 verecundia,
437 3772 604 3835 manerium,
618 3776 686 3836 quod
701 3775 737 3822 ab
748 3790 780 3823 eo
828 3774 1262 3831 tatione,nedubiteutaocederead
1271 3790 1356 3843 partes

255 3842 386 3893 carectum
407 3854 495 3889 ornnes
521 3846 637 3888 auctores
659 3848 783 3888 testantur
829 3838 968 3901 Pompeii).
1000 3840 1040 3890 Cf.
1061 3856 1084 3889 c.
1103 3843 1139 3891 15.
1158 3846 1200 3891 al.
1219 3846 1259 3893 M.
1299 3844 1352 3893 Sub

258 3908 321 3965 (Dio
332 3906 403 3954 Cass.
416 3908 457 3964 41,
472 3908 510 3953 17.
530 3904 641 3971 Appiae.
654 3910 679 3964 2,
694 3907 736 3953 41.
754 3920 780 3967 p.
826 3904 946 3953 libertatis
970 3903 1077 3967 Vossius
1102 3906 1214 3971 intelligi
1240 3924 1354 3958 mm.

258 3974 316 4020 ⁴58.
350 3969 418 4018 Plut.
436 3969 501 4019 Cres.
525 3974 565 4019 86.
600 3969 688 4018 Florus
709 3975 734 4029 4,
755 3974 780 4030 2,
828 3964 1353 4034 Oudredditlibmotiafirmossiveeertoa

258 4034 311 4095 tl),
331 4034 426 4083 diceret
447 4050 475 4083 se
495 4042 611 4098 apertum
633 4050 649 4082 u
670 4035 779 4083 Lentulo
827 4048 882 4082 esse
900 4034 983 4097 jubet.
1015 4036 1102 4085 Servat
1122 4044 1207 4085 tanuen
1234 4040 1352 4099 Muti,

257 4099 382 4164 iuvenisse
415 4100 519 4149 rossus.
561 4100 602 4147 De
633 4100 779 4159 terroribus,
827 4097 877 4147 be.
891 4098 1081 4152 inlibertatern.
1113 4102 1147 4150 Et
1161 4110 1231 4153 recte
1240 4103 1350 4168 quiden,

254 4164 352 4227 quibua
364 4164 421 4225 ipss
432 4164 516 4213 Roma
526 4171 582 4213 tum
592 4163 721 4227 exagitata
731 4172 779 4224 est,
826 4160 849 4211 is
860 4162 926 4212 enim
943 4163 1068 4239 genitivus
1085 4166 1159 4233 plane
1176 4168 1221 4221 bie
1238 4168 1350 4221 inuelem

254 4230 308 4280 rid.
322 4228 373 4278 Dio
382 4229 455 4280 Cass.
471 4229 512 4289 il,
524 4230 614 4281 6-10.
630 4230 741 4295 Appitn.
755 4234 780 4290 ἵ,
826 4242 872 4281 nec
883 4230 1062 4283 admittendus.
