<?xml version="1.0" encoding="UTF-8"?>
<!DOCTYPE html PUBLIC "-//W3C//DTD XHTML 1.0 Transitional//EN"
    "http://www.w3.org/TR/xhtml1/DTD/xhtml1-transitional.dtd">
<html xmlns="http://www.w3.org/1999/xhtml" xml:lang="en" lang="en">
 <head>
  <title>
</title>
<meta http-equiv="Content-Type" content="text/html;charset=utf-8" />
  <meta name='ocr-system' content='tesseract 3.04.00' />
  <meta name='ocr-capabilities' content='ocr_page ocr_carea ocr_par ocr_line ocrx_word'/>
</head>
<body>
  <div class='ocr_page' id='page_1' title='image "./cjuliicaesarisc00obergoog/cjuliicaesarisc00obergoog_0307.png"; bbox 0 0 2909 4809; ppageno 0'>
   <div class='ocr_carea' id='block_1_1' title="bbox 383 154 1212 296">
    <p class='ocr_par' dir='ltr' id='par_1_1' title="bbox 383 154 1212 296">
     <span class='ocr_line' id='line_1_1' title="bbox 383 154 1212 296; baseline 0.002 -23"><span class='ocrx_word' id='word_1_1' title='bbox 383 198 568 296; x_wconf 72' lang='lat' dir='ltr'>amr..</span> <span class='ocrx_word' id='word_1_2' title='bbox 604 204 709 276; x_wconf 79' lang='lat' dir='ltr'>oss.</span> <span class='ocrx_word' id='word_1_3' title='bbox 734 204 873 274; x_wconf 85' lang='lat'>10-13.</span> <span class='ocrx_word' id='word_1_4' title='bbox 929 154 977 257; x_wconf 71' lang='lat'>.‘</span> <span class='ocrx_word' id='word_1_5' title='bbox 1072 253 1075 260; x_wconf 17' lang='lat'><em>¹</em></span> <span class='ocrx_word' id='word_1_6' title='bbox 1125 206 1212 290; x_wconf 67' lang='lat' dir='ltr'>aas„</span> 
     </span>
    </p>
   </div>
   <div class='ocr_carea' id='block_1_2' title="bbox 90 388 1257 2479">
    <p class='ocr_par' dir='ltr' id='par_1_2' title="bbox 90 388 1203 830">
     <span class='ocr_line' id='line_1_2' title="bbox 115 388 1191 483; baseline 0.004 -26"><span class='ocrx_word' id='word_1_7' title='bbox 115 392 175 457; x_wconf 90' lang='lat' dir='ltr'>nio</span> <span class='ocrx_word' id='word_1_8' title='bbox 199 411 264 457; x_wconf 87' lang='lat' dir='ltr'>non</span> <span class='ocrx_word' id='word_1_9' title='bbox 288 388 380 467; x_wconf 88' lang='lat' dir='ltr'>dare,</span> <span class='ocrx_word' id='word_1_10' title='bbox 407 415 512 481; x_wconf 89' lang='lat' dir='ltr'>neque</span> <span class='ocrx_word' id='word_1_11' title='bbox 536 414 734 460; x_wconf 76' lang='lat' dir='ltr'>meessurnm</span> <span class='ocrx_word' id='word_1_12' title='bbox 758 392 918 483; x_wconf 87' lang='lat' dir='ltr'>polliceri,</span> <span class='ocrx_word' id='word_1_13' title='bbox 941 414 1089 481; x_wconf 76' lang='lat' dir='ltr'>nagnam</span> <span class='ocrx_word' id='word_1_14' title='bbox 1103 395 1191 483; x_wconf 85' lang='lat' dir='ltr'>pacis</span> 
     </span>
     <span class='ocr_line' id='line_1_3' title="bbox 90 414 1191 571; baseline 0.003 -27"><span class='ocrx_word' id='word_1_15' title='bbox 90 414 349 571; x_wconf 73' lang='lat' dir='ltr'>desperationem</span> <span class='ocrx_word' id='word_1_16' title='bbox 364 479 540 547; x_wconf 71' lang='lat' dir='ltr'><strong>adferebat.</strong></span> <span class='ocrx_word' id='word_1_17' title='bbox 579 478 703 567; x_wconf 80' lang='lat' dir='ltr'>Itaque</span> <span class='ocrx_word' id='word_1_18' title='bbox 716 480 760 546; x_wconf 87' lang='lat' dir='ltr'>sb</span> <span class='ocrx_word' id='word_1_19' title='bbox 782 480 928 546; x_wconf 86' lang='lat' dir='ltr'>Arimino</span> <span class='ocrx_word' id='word_1_20' title='bbox 947 480 995 545; x_wconf 91' lang='lat' dir='ltr'>M.</span> <span class='ocrx_word' id='word_1_21' title='bbox 1013 482 1191 547; x_wconf 89' lang='lat' dir='ltr'>Antonium</span> 
     </span>
     <span class='ocr_line' id='line_1_4' title="bbox 91 564 1191 656; baseline 0.003 -26"><span class='ocrx_word' id='word_1_22' title='bbox 91 588 170 630; x_wconf 88' lang='lat' dir='ltr'>cum</span> <span class='ocrx_word' id='word_1_23' title='bbox 182 564 369 631; x_wconf 75' lang='lat' dir='ltr'>cohortibus</span> <span class='ocrx_word' id='word_1_24' title='bbox 384 566 415 631; x_wconf 89' lang='lat' dir='ltr'><strong>V</strong></span> <span class='ocrx_word' id='word_1_25' title='bbox 432 568 600 633; x_wconf 83' lang='lat' dir='ltr'>Arretium</span> <span class='ocrx_word' id='word_1_26' title='bbox 609 568 730 633; x_wconf 87' lang='lat' dir='ltr'>mittit:</span> <span class='ocrx_word' id='word_1_27' title='bbox 747 569 817 656; x_wconf 79' lang='lat' dir='ltr'>ip&#39;se</span> <span class='ocrx_word' id='word_1_28' title='bbox 829 566 966 631; x_wconf 83' lang='lat' dir='ltr'>Arimini</span> <span class='ocrx_word' id='word_1_29' title='bbox 978 590 1053 632; x_wconf 89' lang='lat' dir='ltr'>cum</span> <span class='ocrx_word' id='word_1_30' title='bbox 1064 566 1191 633; x_wconf 87' lang='lat' dir='ltr'>duabus</span> 
     </span>
     <span class='ocr_line' id='line_1_5' title="bbox 90 652 1190 739; baseline 0.004 -22"><span class='ocrx_word' id='word_1_31' title='bbox 90 652 240 719; x_wconf 71' lang='lat' dir='ltr'>subsistit</span> <span class='ocrx_word' id='word_1_32' title='bbox 252 652 363 739; x_wconf 82' lang='lat' dir='ltr'>ibique</span> <span class='ocrx_word' id='word_1_33' title='bbox 376 652 532 720; x_wconf 89' lang='lat' dir='ltr'>dilectum</span> <span class='ocrx_word' id='word_1_34' title='bbox 538 654 674 720; x_wconf 90' lang='lat' dir='ltr'>haberet</span> <span class='ocrx_word' id='word_1_35' title='bbox 687 654 843 729; x_wconf 75' lang='lat' dir='ltr'>instituit3</span> <span class='ocrx_word' id='word_1_36' title='bbox 862 652 1044 736; x_wconf 75' lang='lat' dir='ltr'>Pisaurum,</span> <span class='ocrx_word' id='word_1_37' title='bbox 1054 652 1190 731; x_wconf 80' lang='lat' dir='ltr'>Fanum,</span> 
     </span>
     <span class='ocr_line' id='line_1_6' title="bbox 94 738 1203 830; baseline 0.004 -27"><span class='ocrx_word' id='word_1_38' title='bbox 94 738 411 827; x_wconf 71' lang='lat' dir='ltr'>Anconam‘singulis</span> <span class='ocrx_word' id='word_1_39' title='bbox 426 740 613 807; x_wconf 78' lang='lat' dir='ltr'>cohortibus</span> <span class='ocrx_word' id='word_1_40' title='bbox 626 752 775 830; x_wconf 83' lang='lat' dir='ltr'>occupat.</span> <span class='ocrx_word' id='word_1_41' title='bbox 1084 766 1087 773; x_wconf 63' lang='lat'><em>¹</em></span> <span class='ocrx_word' id='word_1_42' title='bbox 1199 771 1203 779; x_wconf 91' lang='lat'>·</span> 
     </span>
    </p>

    <p class='ocr_par' dir='ltr' id='par_1_3' title="bbox 93 825 1220 1852">
     <span class='ocr_line' id='line_1_7' title="bbox 143 825 1190 929; baseline 0.007 -41"><span class='ocrx_word' id='word_1_43' title='bbox 143 825 196 889; x_wconf 81' lang='lat'>12.</span> <span class='ocrx_word' id='word_1_44' title='bbox 212 825 342 892; x_wconf 86' lang='lat' dir='ltr'>Interea</span> <span class='ocrx_word' id='word_1_45' title='bbox 363 827 492 895; x_wconf 88' lang='lat' dir='ltr'>certior</span> <span class='ocrx_word' id='word_1_46' title='bbox 508 828 623 903; x_wconf 86' lang='lat' dir='ltr'>factus,</span> <span class='ocrx_word' id='word_1_47' title='bbox 643 828 797 929; x_wconf 75' lang='lat' dir='ltr'>Iguvium</span> <span class='ocrx_word' id='word_1_48' title='bbox 813 826 990 893; x_wconf 84' lang='lat' dir='ltr'>Thermum</span> <span class='ocrx_word' id='word_1_49' title='bbox 1015 826 1190 895; x_wconf 80' lang='lat' dir='ltr'>Praetorem</span> 
     </span>
     <span class='ocr_line' id='line_1_8' title="bbox 93 910 1190 1016; baseline 0.005 -38"><span class='ocrx_word' id='word_1_50' title='bbox 93 910 286 978; x_wconf 79' lang='lat' dir='ltr'>cohortibus</span> <span class='ocrx_word' id='word_1_51' title='bbox 300 912 446 1016; x_wconf 88' lang='lat' dir='ltr'>quinque</span> <span class='ocrx_word' id='word_1_52' title='bbox 457 928 579 990; x_wconf 86' lang='lat' dir='ltr'>tenere,</span> <span class='ocrx_word' id='word_1_53' title='bbox 594 915 750 1004; x_wconf 79' lang='lat' dir='ltr'>oppidum</span> <span class='ocrx_word' id='word_1_54' title='bbox 765 912 1110 1001; x_wconf 85' lang='lat' dir='ltr'>munire&#39;omninmque</span> <span class='ocrx_word' id='word_1_55' title='bbox 1123 940 1190 983; x_wconf 84' lang='lat' dir='ltr'>esse</span> 
     </span>
     <span class='ocr_line' id='line_1_9' title="bbox 94 998 1191 1103; baseline 0.005 -39"><span class='ocrx_word' id='word_1_56' title='bbox 94 998 312 1088; x_wconf 74' lang='lat' dir='ltr'>Iguvinorum</span> <span class='ocrx_word' id='word_1_57' title='bbox 333 1012 491 1089; x_wconf 78' lang='lat' dir='ltr'>optimam</span> <span class='ocrx_word' id='word_1_58' title='bbox 515 1022 594 1103; x_wconf 76' lang='lat' dir='ltr'>erga</span> <span class='ocrx_word' id='word_1_59' title='bbox 618 1025 653 1067; x_wconf 86' lang='lat' dir='ltr'>se</span> <span class='ocrx_word' id='word_1_60' title='bbox 679 1001 891 1078; x_wconf 86' lang='lat' dir='ltr'>voluntatem,</span> <span class='ocrx_word' id='word_1_61' title='bbox 917 1000 1092 1087; x_wconf 77' lang='lat' dir='ltr'>Curionem</span> <span class='ocrx_word' id='word_1_62' title='bbox 1118 1024 1191 1069; x_wconf 90' lang='lat' dir='ltr'>cum</span> 
     </span>
     <span class='ocr_line' id='line_1_10' title="bbox 94 1085 1190 1189; baseline 0.002 -38"><span class='ocrx_word' id='word_1_63' title='bbox 94 1085 205 1152; x_wconf 89' lang='lat' dir='ltr'>tribus</span> <span class='ocrx_word' id='word_1_64' title='bbox 219 1085 417 1162; x_wconf 79' lang='lat' dir='ltr'>cohortibus,</span> <span class='ocrx_word' id='word_1_65' title='bbox 439 1088 519 1189; x_wconf 86' lang='lat' dir='ltr'>quas</span> <span class='ocrx_word' id='word_1_66' title='bbox 533 1088 658 1153; x_wconf 77' lang='lat' dir='ltr'>Pisauri</span> <span class='ocrx_word' id='word_1_67' title='bbox 681 1101 715 1153; x_wconf 92' lang='lat' dir='ltr'>et</span> <span class='ocrx_word' id='word_1_68' title='bbox 739 1086 878 1155; x_wconf 85' lang='lat' dir='ltr'>Arimini</span> <span class='ocrx_word' id='word_1_69' title='bbox 898 1085 1051 1164; x_wconf 87' lang='lat' dir='ltr'>habebat,</span> <span class='ocrx_word' id='word_1_70' title='bbox 1077 1088 1190 1155; x_wconf 88' lang='lat' dir='ltr'>mittit.</span> 
     </span>
     <span class='ocr_line' id='line_1_11' title="bbox 96 1164 1192 1265; baseline 0.003 -27"><span class='ocrx_word' id='word_1_71' title='bbox 96 1172 205 1261; x_wconf 79' lang='lat' dir='ltr'>Cujus</span> <span class='ocrx_word' id='word_1_72' title='bbox 217 1172 361 1239; x_wconf 89' lang='lat' dir='ltr'>adventu</span> <span class='ocrx_word' id='word_1_73' title='bbox 373 1186 517 1263; x_wconf 78' lang='lat' dir='ltr'>cognito,</span> <span class='ocrx_word' id='word_1_74' title='bbox 526 1174 649 1241; x_wconf 86' lang='lat' dir='ltr'>diffisus</span> <span class='ocrx_word' id='word_1_75' title='bbox 662 1174 830 1265; x_wconf 89' lang='lat' dir='ltr'>municipii</span> <span class='ocrx_word' id='word_1_76' title='bbox 841 1164 1010 1244; x_wconf 86' lang='lat' dir='ltr'>voluntate</span> <span class='ocrx_word' id='word_1_77' title='bbox 1020 1174 1192 1252; x_wconf 85' lang='lat' dir='ltr'>Thermus,</span> 
     </span>
     <span class='ocr_line' id='line_1_12' title="bbox 95 1258 1192 1352; baseline 0.005 -29"><span class='ocrx_word' id='word_1_78' title='bbox 95 1258 248 1325; x_wconf 81' lang='lat' dir='ltr'>cohortes</span> <span class='ocrx_word' id='word_1_79' title='bbox 261 1283 301 1325; x_wconf 88' lang='lat' dir='ltr'>ex</span> <span class='ocrx_word' id='word_1_80' title='bbox 317 1260 400 1326; x_wconf 88' lang='lat' dir='ltr'>urbe</span> <span class='ocrx_word' id='word_1_81' title='bbox 418 1260 528 1329; x_wconf 86' lang='lat' dir='ltr'>educit</span> <span class='ocrx_word' id='word_1_82' title='bbox 539 1275 575 1327; x_wconf 90' lang='lat' dir='ltr'>et</span> <span class='ocrx_word' id='word_1_83' title='bbox 590 1261 759 1352; x_wconf 79' lang='lat' dir='ltr'>profugit:</span> <span class='ocrx_word' id='word_1_84' title='bbox 781 1262 901 1329; x_wconf 80' lang='lat' dir='ltr'>milites</span> <span class='ocrx_word' id='word_1_85' title='bbox 917 1262 949 1327; x_wconf 91' lang='lat' dir='ltr'>in</span> <span class='ocrx_word' id='word_1_86' title='bbox 964 1260 1079 1329; x_wconf 89' lang='lat' dir='ltr'>itinere</span> <span class='ocrx_word' id='word_1_87' title='bbox 1094 1263 1138 1328; x_wconf 87' lang='lat' dir='ltr'>ab</span> <span class='ocrx_word' id='word_1_88' title='bbox 1152 1286 1192 1329; x_wconf 87' lang='lat' dir='ltr'>eo</span> 
     </span>
     <span class='ocr_line' id='line_1_13' title="bbox 95 1345 1220 1417; baseline 0.005 -6"><span class='ocrx_word' id='word_1_89' title='bbox 95 1345 276 1413; x_wconf 44' lang='lat' dir='ltr'>discedunt*</span> <span class='ocrx_word' id='word_1_90' title='bbox 291 1368 329 1412; x_wconf 86' lang='lat' dir='ltr'>ac</span> <span class='ocrx_word' id='word_1_91' title='bbox 355 1346 487 1416; x_wconf 91' lang='lat' dir='ltr'>domum</span> <span class='ocrx_word' id='word_1_92' title='bbox 512 1360 734 1416; x_wconf 89' lang='lat' dir='ltr'>revertuntur.</span> <span class='ocrx_word' id='word_1_93' title='bbox 780 1349 882 1417; x_wconf 86' lang='lat' dir='ltr'>Curio</span> <span class='ocrx_word' id='word_1_94' title='bbox 903 1348 1046 1415; x_wconf 89' lang='lat' dir='ltr'>omnium</span> <span class='ocrx_word' id='word_1_95' title='bbox 1070 1372 1193 1417; x_wconf 88' lang='lat' dir='ltr'>summa</span> <span class='ocrx_word' id='word_1_96' title='bbox 1217 1359 1220 1366; x_wconf 72' lang='grc'>“</span> 
     </span>
     <span class='ocr_line' id='line_1_14' title="bbox 96 1431 1193 1524; baseline 0.005 -25"><span class='ocrx_word' id='word_1_97' title='bbox 96 1431 267 1499; x_wconf 85' lang='lat' dir='ltr'>voluntate</span> <span class='ocrx_word' id='word_1_98' title='bbox 290 1432 445 1521; x_wconf 81' lang='lat' dir='ltr'>Iguvium</span> <span class='ocrx_word' id='word_1_99' title='bbox 458 1436 523 1502; x_wconf 89' lang='lat' dir='ltr'>reci</span> <span class='ocrx_word' id='word_1_100' title='bbox 549 1436 586 1500; x_wconf 89' lang='lat' dir='ltr'>it.</span> <span class='ocrx_word' id='word_1_101' title='bbox 631 1434 760 1511; x_wconf 83' lang='lat' dir='ltr'>Quibus</span> <span class='ocrx_word' id='word_1_102' title='bbox 779 1437 876 1502; x_wconf 89' lang='lat' dir='ltr'>rebus</span> <span class='ocrx_word' id='word_1_103' title='bbox 895 1436 1044 1524; x_wconf 80' lang='lat' dir='ltr'>cognitis,</span> <span class='ocrx_word' id='word_1_104' title='bbox 1059 1436 1193 1505; x_wconf 86' lang='lat' dir='ltr'>confisus</span> 
     </span>
     <span class='ocr_line' id='line_1_15' title="bbox 96 1460 1193 1623; baseline 0.007 -40"><span class='ocrx_word' id='word_1_105' title='bbox 96 1520 345 1623; x_wconf 78' lang='lat' dir='ltr'>municipiorum</span> <span class='ocrx_word' id='word_1_106' title='bbox 357 1460 582 1589; x_wconf 66' lang='lat' dir='ltr'>voluntatibus</span> <span class='ocrx_word' id='word_1_107' title='bbox 596 1522 717 1598; x_wconf 77' lang='lat' dir='ltr'>Gerar,</span> <span class='ocrx_word' id='word_1_108' title='bbox 738 1520 884 1589; x_wconf 86' lang='lat' dir='ltr'>cohortes</span> <span class='ocrx_word' id='word_1_109' title='bbox 894 1521 1043 1610; x_wconf 83' lang='lat' dir='ltr'>&#39;legionis</span> <span class='ocrx_word' id='word_1_110' title='bbox 1054 1521 1137 1589; x_wconf 91' lang='lat' dir='ltr'>XIII</span> <span class='ocrx_word' id='word_1_111' title='bbox 1153 1548 1193 1590; x_wconf 85' lang='lat' dir='ltr'>ex</span> 
     </span>
     <span class='ocr_line' id='line_1_16' title="bbox 98 1605 1194 1701; baseline 0.005 -29"><span class='ocrx_word' id='word_1_112' title='bbox 98 1605 255 1693; x_wconf 74' lang='lat' dir='ltr'>praesidiis</span> <span class='ocrx_word' id='word_1_113' title='bbox 273 1607 405 1673; x_wconf 88' lang='lat' dir='ltr'>deducit</span> <span class='ocrx_word' id='word_1_114' title='bbox 425 1609 668 1701; x_wconf 78' lang='lat' dir='ltr'>Auximumque</span> <span class='ocrx_word' id='word_1_115' title='bbox 683 1609 915 1698; x_wconf 88' lang='lat' dir='ltr'>proficiscitur:</span> <span class='ocrx_word' id='word_1_116' title='bbox 939 1607 1028 1697; x_wconf 81' lang='lat' dir='ltr'>quod</span> <span class='ocrx_word' id='word_1_117' title='bbox 1037 1609 1194 1698; x_wconf 90' lang='lat' dir='ltr'>oppidum</span> 
     </span>
     <span class='ocr_line' id='line_1_17' title="bbox 101 1693 1194 1785; baseline 0.005 -29"><span class='ocrx_word' id='word_1_118' title='bbox 101 1693 217 1758; x_wconf 87' lang='lat' dir='ltr'>Attius</span> <span class='ocrx_word' id='word_1_119' title='bbox 247 1693 435 1762; x_wconf 86' lang='lat' dir='ltr'>cohortibus</span> <span class='ocrx_word' id='word_1_120' title='bbox 464 1696 658 1763; x_wconf 87' lang='lat' dir='ltr'>introductis</span> <span class='ocrx_word' id='word_1_121' title='bbox 692 1695 836 1771; x_wconf 88' lang='lat' dir='ltr'>tenebat,</span> <span class='ocrx_word' id='word_1_122' title='bbox 874 1694 1094 1785; x_wconf 88' lang='lat' dir='ltr'>dilectumque</span> <span class='ocrx_word' id='word_1_123' title='bbox 1123 1709 1194 1762; x_wconf 91' lang='lat' dir='ltr'>toto</span> 
     </span>
     <span class='ocr_line' id='line_1_18' title="bbox 101 1778 853 1852; baseline 0.005 -9"><span class='ocrx_word' id='word_1_124' title='bbox 101 1778 223 1846; x_wconf 89' lang='lat' dir='ltr'>Piceno</span> <span class='ocrx_word' id='word_1_125' title='bbox 237 1780 459 1852; x_wconf 87' lang='lat' dir='ltr'>circummissis</span> <span class='ocrx_word' id='word_1_126' title='bbox 475 1783 687 1851; x_wconf 79' lang='lat' dir='ltr'>senatoribus</span> <span class='ocrx_word' id='word_1_127' title='bbox 700 1782 853 1849; x_wconf 84' lang='lat' dir='ltr'>habebat.</span> 
     </span>
    </p>

    <p class='ocr_par' dir='ltr' id='par_1_4' title="bbox 99 1866 1257 2479">
     <span class='ocr_line' id='line_1_19' title="bbox 148 1866 1193 1958; baseline 0.005 -28"><span class='ocrx_word' id='word_1_128' title='bbox 148 1867 214 1953; x_wconf 11' lang='lat'>13..</span> <span class='ocrx_word' id='word_1_129' title='bbox 231 1866 386 1933; x_wconf 82' lang='lat' dir='ltr'>Adventu</span> <span class='ocrx_word' id='word_1_130' title='bbox 416 1869 551 1937; x_wconf 60' lang='lat' dir='ltr'>coeris</span> <span class='ocrx_word' id='word_1_131' title='bbox 582 1870 723 1958; x_wconf 77' lang='lat' dir='ltr'>cognito,</span> <span class='ocrx_word' id='word_1_132' title='bbox 761 1867 961 1935; x_wconf 89' lang='lat' dir='ltr'>Decuriones</span> <span class='ocrx_word' id='word_1_133' title='bbox 989 1867 1122 1934; x_wconf 83' lang='lat' dir='ltr'>Auximi</span> <span class='ocrx_word' id='word_1_134' title='bbox 1152 1868 1193 1935; x_wconf 89' lang='lat' dir='ltr'>ad</span> 
     </span>
     <span class='ocr_line' id='line_1_20' title="bbox 100 1953 1195 2046; baseline 0.005 -29"><span class='ocrx_word' id='word_1_135' title='bbox 100 1953 233 2019; x_wconf 85' lang='lat' dir='ltr'>Attium</span> <span class='ocrx_word' id='word_1_136' title='bbox 249 1953 374 2019; x_wconf 88' lang='lat' dir='ltr'>Varum</span> <span class='ocrx_word' id='word_1_137' title='bbox 394 1956 579 2046; x_wconf 84' lang='lat' dir='ltr'>frequentes</span> <span class='ocrx_word' id='word_1_138' title='bbox 599 1956 809 2022; x_wconf 85' lang='lat' dir='ltr'>conveniunt:</span> <span class='ocrx_word' id='word_1_139' title='bbox 832 1955 963 2031; x_wconf 89' lang='lat' dir='ltr'>docent,</span> <span class='ocrx_word' id='word_1_140' title='bbox 981 1955 1066 2019; x_wconf 87' lang='lat' dir='ltr'>“sui</span> <span class='ocrx_word' id='word_1_141' title='bbox 1081 1955 1195 2044; x_wconf 90' lang='lat' dir='ltr'>judicii</span> 
     </span>
     <span class='ocr_line' id='line_1_21' title="bbox 100 2041 1195 2133; baseline 0.005 -29"><span class='ocrx_word' id='word_1_142' title='bbox 100 2051 124 2080; x_wconf 88' lang='lat'><strong>“</strong></span> <span class='ocrx_word' id='word_1_143' title='bbox 141 2063 210 2105; x_wconf 89' lang='lat' dir='ltr'>rem</span> <span class='ocrx_word' id='word_1_144' title='bbox 235 2062 299 2105; x_wconf 87' lang='lat' dir='ltr'>non</span> <span class='ocrx_word' id='word_1_145' title='bbox 323 2048 407 2117; x_wconf 82' lang='lat' dir='ltr'>esse3</span> <span class='ocrx_word' id='word_1_146' title='bbox 427 2065 543 2133; x_wconf 85' lang='lat' dir='ltr'>neque</span> <span class='ocrx_word' id='word_1_147' title='bbox 565 2067 611 2119; x_wconf 87' lang='lat' dir='ltr'>sa,</span> <span class='ocrx_word' id='word_1_148' title='bbox 638 2066 745 2133; x_wconf 90' lang='lat' dir='ltr'>neque</span> <span class='ocrx_word' id='word_1_149' title='bbox 768 2043 908 2131; x_wconf 89' lang='lat' dir='ltr'>reliquos</span> <span class='ocrx_word' id='word_1_150' title='bbox 928 2041 1103 2131; x_wconf 89' lang='lat' dir='ltr'>municipes</span> <span class='ocrx_word' id='word_1_151' title='bbox 1126 2044 1195 2131; x_wconf 89' lang='lat' dir='ltr'>pati</span> 
     </span>
     <span class='ocr_line' id='line_1_22' title="bbox 99 2122 1257 2232; baseline 0.003 -41"><span class='ocrx_word' id='word_1_152' title='bbox 99 2136 123 2168; x_wconf 78' lang='lat'>‘⁶</span> <span class='ocrx_word' id='word_1_153' title='bbox 139 2149 243 2215; x_wconf 74' lang='lat' dir='ltr'>pomo,</span> <span class='ocrx_word' id='word_1_154' title='bbox 260 2128 301 2192; x_wconf 82' lang='lat' dir='ltr'>C.</span> <span class='ocrx_word' id='word_1_155' title='bbox 316 2129 488 2206; x_wconf 81' lang='lat' dir='ltr'>Caesarem,</span> <span class='ocrx_word' id='word_1_156' title='bbox 504 2128 737 2232; x_wconf 81' lang='lat' dir='ltr'>Imperatorem</span> <span class='ocrx_word' id='word_1_157' title='bbox 751 2130 833 2207; x_wconf 85' lang='lat' dir='ltr'>bene</span> <span class='ocrx_word' id='word_1_158' title='bbox 848 2128 889 2193; x_wconf 92' lang='lat' dir='ltr'>de</span> <span class='ocrx_word' id='word_1_159' title='bbox 904 2122 1088 2219; x_wconf 83' lang='lat' dir='ltr'>Republica</span> <span class='ocrx_word' id='word_1_160' title='bbox 1102 2130 1196 2195; x_wconf 84' lang='lat' dir='ltr'>meri·</span> <span class='ocrx_word' id='word_1_161' title='bbox 1255 2210 1257 2215; x_wconf 68' lang='lat'>,</span> 
     </span>
     <span class='ocr_line' id='line_1_23' title="bbox 100 2213 1194 2317; baseline 0.003 -39"><span class='ocrx_word' id='word_1_162' title='bbox 100 2224 125 2255; x_wconf 79' lang='lat'>‘⁴</span> <span class='ocrx_word' id='word_1_163' title='bbox 142 2224 226 2288; x_wconf 91' lang='lat' dir='ltr'>tum,</span> <span class='ocrx_word' id='word_1_164' title='bbox 248 2213 347 2279; x_wconf 85' lang='lat' dir='ltr'>tantis</span> <span class='ocrx_word' id='word_1_165' title='bbox 371 2215 469 2280; x_wconf 88' lang='lat' dir='ltr'>rebus</span> <span class='ocrx_word' id='word_1_166' title='bbox 489 2230 599 2305; x_wconf 81' lang='lat' dir='ltr'>gestis,</span> <span class='ocrx_word' id='word_1_167' title='bbox 622 2218 745 2306; x_wconf 86' lang='lat' dir='ltr'>oppido</span> <span class='ocrx_word' id='word_1_168' title='bbox 765 2216 988 2304; x_wconf 86' lang='lat' dir='ltr'>moenibusque</span> <span class='ocrx_word' id='word_1_169' title='bbox 1010 2213 1194 2317; x_wconf 87' lang='lat' dir='ltr'>prohiberi:</span> 
     </span>
     <span class='ocr_line' id='line_1_24' title="bbox 100 2298 1198 2392; baseline 0.002 -25"><span class='ocrx_word' id='word_1_170' title='bbox 100 2300 278 2389; x_wconf 86' lang='lat' dir='ltr'>“proinde</span> <span class='ocrx_word' id='word_1_171' title='bbox 306 2298 426 2366; x_wconf 90' lang='lat' dir='ltr'>habeat</span> <span class='ocrx_word' id='word_1_172' title='bbox 460 2304 616 2369; x_wconf 89' lang='lat' dir='ltr'>rationem</span> <span class='ocrx_word' id='word_1_173' title='bbox 652 2303 850 2392; x_wconf 84' lang='lat' dir='ltr'>posteritatis</span> <span class='ocrx_word' id='word_1_174' title='bbox 886 2314 919 2367; x_wconf 90' lang='lat' dir='ltr'>et</span> <span class='ocrx_word' id='word_1_175' title='bbox 950 2302 1085 2391; x_wconf 86' lang='lat' dir='ltr'>penculi</span> <span class='ocrx_word' id='word_1_176' title='bbox 1114 2302 1198 2371; x_wconf 88' lang='lat' dir='ltr'>sui.”</span> 
     </span>
     <span class='ocr_line' id='line_1_25' title="bbox 101 2387 1194 2479; baseline 0.005 -27"><span class='ocrx_word' id='word_1_177' title='bbox 101 2387 414 2464; x_wconf 84' lang='lat' dir='ltr'>Quorumoratione</span> <span class='ocrx_word' id='word_1_178' title='bbox 433 2402 599 2479; x_wconf 89' lang='lat' dir='ltr'>permotus</span> <span class='ocrx_word' id='word_1_179' title='bbox 615 2391 728 2458; x_wconf 85' lang='lat' dir='ltr'>Attius</span> <span class='ocrx_word' id='word_1_180' title='bbox 745 2391 863 2467; x_wconf 85' lang='lat' dir='ltr'>Varus,</span> <span class='ocrx_word' id='word_1_181' title='bbox 886 2387 1081 2477; x_wconf 80' lang='lat' dir='ltr'>praesidium,</span> <span class='ocrx_word' id='word_1_182' title='bbox 1104 2390 1194 2479; x_wconf 94' lang='lat' dir='ltr'>quod</span> 
     </span>
    </p>
   </div>
   <div class='ocr_carea' id='block_1_3' title="bbox 103 2642 1240 4272">
    <p class='ocr_par' dir='ltr' id='par_1_5' title="bbox 103 2642 1240 4272">
     <span class='ocr_line' id='line_1_26' title="bbox 139 2642 1194 2710; baseline 0.004 -19"><span class='ocrx_word' id='word_1_183' title='bbox 139 2644 310 2696; x_wconf 65' lang='lat' dir='ltr'>anastatus.</span> <span class='ocrx_word' id='word_1_184' title='bbox 326 2644 489 2696; x_wconf 72' lang='lat' dir='ltr'>Soiethsar</span> <span class='ocrx_word' id='word_1_185' title='bbox 501 2643 624 2710; x_wconf 76' lang='lat' dir='ltr'>proeposi·</span> <span class='ocrx_word' id='word_1_186' title='bbox 670 2644 863 2695; x_wconf 65' lang='lat' dir='ltr'>fomflsnnib.</span> <span class='ocrx_word' id='word_1_187' title='bbox 883 2645 907 2693; x_wconf 78' lang='lat'>⁴.</span> <span class='ocrx_word' id='word_1_188' title='bbox 918 2653 947 2693; x_wconf 81' lang='lat' dir='ltr'>et</span> <span class='ocrx_word' id='word_1_189' title='bbox 960 2642 1055 2695; x_wconf 83' lang='lat' dir='ltr'>Duker.</span> <span class='ocrx_word' id='word_1_190' title='bbox 1075 2646 1108 2695; x_wconf 84' lang='lat' dir='ltr'>ad</span> <span class='ocrx_word' id='word_1_191' title='bbox 1126 2644 1194 2695; x_wconf 77' lang='lat' dir='ltr'>Flor.</span> 
     </span>
     <span class='ocr_line' id='line_1_27' title="bbox 103 2706 1038 2773; baseline 0.004 -18"><span class='ocrx_word' id='word_1_192' title='bbox 103 2706 177 2759; x_wconf 79' lang='lat' dir='ltr'>tione</span> <span class='ocrx_word' id='word_1_193' title='bbox 192 2709 230 2759; x_wconf 79' lang='lat' dir='ltr'>sic</span> <span class='ocrx_word' id='word_1_194' title='bbox 250 2709 297 2760; x_wconf 87' lang='lat' dir='ltr'>uti.</span> <span class='ocrx_word' id='word_1_195' title='bbox 329 2711 406 2761; x_wconf 78' lang='lat' dir='ltr'>Cani.</span> <span class='ocrx_word' id='word_1_196' title='bbox 429 2726 455 2760; x_wconf 90' lang='lat' dir='ltr'>c.</span> <span class='ocrx_word' id='word_1_197' title='bbox 477 2713 515 2760; x_wconf 79' lang='lat'>1⁵.</span> <span class='ocrx_word' id='word_1_198' title='bbox 531 2713 622 2761; x_wconf 65' lang='lat' dir='ltr'>imo.</span> <span class='ocrx_word' id='word_1_199' title='bbox 671 2714 785 2771; x_wconf 68' lang='lat'>2,90,⁵.</span> <span class='ocrx_word' id='word_1_200' title='bbox 809 2708 1038 2773; x_wconf 78' lang='lat' dir='ltr'>Simiieqnidc.5.</span> 
     </span>
     <span class='ocr_line' id='line_1_28' title="bbox 104 2770 1195 2840; baseline 0.004 -20"><span class='ocrx_word' id='word_1_201' title='bbox 104 2776 146 2821; x_wconf 82' lang='lat'>¹18.</span> <span class='ocrx_word' id='word_1_202' title='bbox 172 2770 206 2823; x_wconf 84' lang='lat' dir='ltr'>V.</span> <span class='ocrx_word' id='word_1_203' title='bbox 217 2776 502 2835; x_wconf 65' lang='lat' dir='ltr'>censuramque</span> <span class='ocrx_word' id='word_1_204' title='bbox 513 2776 568 2826; x_wconf 87' lang='lat' dir='ltr'>Cic.</span> <span class='ocrx_word' id='word_1_205' title='bbox 580 2792 623 2839; x_wconf 87' lang='lat' dir='ltr'>ep.</span> <span class='ocrx_word' id='word_1_206' title='bbox 706 2777 809 2840; x_wconf 62' lang='lat' dir='ltr'>Dq&#39;ffisus</span> <span class='ocrx_word' id='word_1_207' title='bbox 818 2778 948 2838; x_wconf 63' lang='lat' dir='ltr'>mancipii</span> <span class='ocrx_word' id='word_1_208' title='bbox 963 2777 1096 2827; x_wconf 72' lang='lat' dir='ltr'>voluntate.</span> <span class='ocrx_word' id='word_1_209' title='bbox 1131 2774 1195 2834; x_wconf 84' lang='lat' dir='ltr'>Qui·</span> 
     </span>
     <span class='ocr_line' id='line_1_29' title="bbox 103 2838 1196 2905; baseline 0.004 -19"><span class='ocrx_word' id='word_1_210' title='bbox 103 2839 190 2896; x_wconf 73' lang='grc'><strong>4,12.</strong></span> <span class='ocrx_word' id='word_1_211' title='bbox 672 2842 731 2891; x_wconf 75' lang='lat' dir='ltr'>(hm</span> <span class='ocrx_word' id='word_1_212' title='bbox 751 2856 797 2905; x_wconf 88' lang='lat' dir='ltr'>pro</span> <span class='ocrx_word' id='word_1_213' title='bbox 822 2840 950 2903; x_wconf 60' lang='lat' dir='ltr'>assarna·</span> <span class='ocrx_word' id='word_1_214' title='bbox 975 2838 1069 2889; x_wconf 85' lang='lat' dir='ltr'>habant</span> <span class='ocrx_word' id='word_1_215' title='bbox 1094 2843 1196 2901; x_wconf 68' lang='lat' dir='ltr'>struma,</span> 
     </span>
     <span class='ocr_line' id='line_1_30' title="bbox 139 2904 1195 2969; baseline 0 -14"><span class='ocrx_word' id='word_1_216' title='bbox 139 2904 206 2955; x_wconf 70' lang='lat' dir='ltr'>Ossa</span> <span class='ocrx_word' id='word_1_217' title='bbox 216 2904 313 2969; x_wconf 57' lang='lat' dir='ltr'>&amp;abus</span> <span class='ocrx_word' id='word_1_218' title='bbox 323 2906 469 2968; x_wconf 57' lang='lat' dir='ltr'>ammata.</span> <span class='ocrx_word' id='word_1_219' title='bbox 487 2907 625 2964; x_wconf 64' lang='lat' dir='ltr'>immmor-</span> <span class='ocrx_word' id='word_1_220' title='bbox 672 2907 765 2969; x_wconf 74' lang='lat' dir='ltr'>glossa.</span> <span class='ocrx_word' id='word_1_221' title='bbox 794 2904 839 2954; x_wconf 86' lang='lat' dir='ltr'>aiii</span> <span class='ocrx_word' id='word_1_222' title='bbox 861 2907 982 2955; x_wconf 64' lang='lat' dir='ltr'>nottestan</span> <span class='ocrx_word' id='word_1_223' title='bbox 1006 2904 1091 2955; x_wconf 88' lang='lat' dir='ltr'>invitis</span> <span class='ocrx_word' id='word_1_224' title='bbox 1119 2906 1195 2955; x_wconf 85' lang='lat' dir='ltr'>bouis</span> 
     </span>
     <span class='ocr_line' id='line_1_31' title="bbox 104 2969 1194 3027; baseline 0.003 -9"><span class='ocrx_word' id='word_1_225' title='bbox 104 2969 232 3018; x_wconf 66' lang='lat' dir='ltr'>toruum</span> <span class='ocrx_word' id='word_1_226' title='bbox 247 2970 300 3019; x_wconf 85' lang='lat' dir='ltr'>vid.</span> <span class='ocrx_word' id='word_1_227' title='bbox 311 2986 336 3019; x_wconf 85' lang='lat' dir='ltr'>r.</span> <span class='ocrx_word' id='word_1_228' title='bbox 348 2972 395 3018; x_wconf 75' lang='lat'>12:</span> <span class='ocrx_word' id='word_1_229' title='bbox 411 2986 471 3020; x_wconf 82' lang='lat' dir='ltr'>nam</span> <span class='ocrx_word' id='word_1_230' title='bbox 485 2986 561 3021; x_wconf 83' lang='lat' dir='ltr'>unam</span> <span class='ocrx_word' id='word_1_231' title='bbox 570 2979 627 3019; x_wconf 84' lang='lat' dir='ltr'>tsn-</span> <span class='ocrx_word' id='word_1_232' title='bbox 662 2972 752 3027; x_wconf 73' lang='lat' dir='ltr'>codd.</span> <span class='ocrx_word' id='word_1_233' title='bbox 778 2970 827 3019; x_wconf 81' lang='lat' dir='ltr'>Th.</span> <span class='ocrx_word' id='word_1_234' title='bbox 839 2969 968 3021; x_wconf 87' lang='lat' dir='ltr'>Bentleius</span> <span class='ocrx_word' id='word_1_235' title='bbox 977 2972 1044 3020; x_wconf 86' lang='lat' dir='ltr'>male</span> <span class='ocrx_word' id='word_1_236' title='bbox 1053 2970 1194 3021; x_wconf 74' lang='lat' dir='ltr'>ablativum</span> 
     </span>
     <span class='ocr_line' id='line_1_32' title="bbox 104 3032 1194 3100; baseline 0.003 -19"><span class='ocrx_word' id='word_1_237' title='bbox 104 3042 160 3082; x_wconf 77' lang='lat' dir='ltr'>taur</span> <span class='ocrx_word' id='word_1_238' title='bbox 181 3032 309 3099; x_wconf 74' lang='lat' dir='ltr'>legionem</span> <span class='ocrx_word' id='word_1_239' title='bbox 327 3035 436 3086; x_wconf 87' lang='lat' dir='ltr'>Arimini</span> <span class='ocrx_word' id='word_1_240' title='bbox 458 3036 555 3085; x_wconf 86' lang='lat' dir='ltr'>habuit.</span> <span class='ocrx_word' id='word_1_241' title='bbox 572 3034 626 3085; x_wconf 87' lang='lat' dir='ltr'>vid.</span> <span class='ocrx_word' id='word_1_242' title='bbox 673 3035 778 3100; x_wconf 83' lang='lat' dir='ltr'>respuit.</span> <span class='ocrx_word' id='word_1_243' title='bbox 811 3036 908 3084; x_wconf 84' lang='lat' dir='ltr'>Eodem</span> <span class='ocrx_word' id='word_1_244' title='bbox 919 3035 996 3085; x_wconf 89' lang='lat' dir='ltr'>modo</span> <span class='ocrx_word' id='word_1_245' title='bbox 1007 3039 1108 3097; x_wconf 64' lang='lat' dir='ltr'>confisus</span> <span class='ocrx_word' id='word_1_246' title='bbox 1118 3035 1194 3085; x_wconf 86' lang='lat' dir='ltr'>strui-</span> 
     </span>
     <span class='ocr_line' id='line_1_33' title="bbox 103 3098 1193 3170; baseline 0.001 -23"><span class='ocrx_word' id='word_1_247' title='bbox 103 3111 165 3161; x_wconf 81' lang='lat' dir='ltr'>cap.</span> <span class='ocrx_word' id='word_1_248' title='bbox 177 3103 201 3147; x_wconf 88' lang='lat'>8.</span> <span class='ocrx_word' id='word_1_249' title='bbox 234 3100 380 3164; x_wconf 73' lang='lat' dir='ltr'>Ergobene</span> <span class='ocrx_word' id='word_1_250' title='bbox 391 3100 489 3150; x_wconf 86' lang='lat' dir='ltr'>monuit</span> <span class='ocrx_word' id='word_1_251' title='bbox 501 3098 628 3159; x_wconf 82' lang='lat' dir='ltr'>Davisius,</span> <span class='ocrx_word' id='word_1_252' title='bbox 674 3110 722 3150; x_wconf 89' lang='lat' dir='ltr'>tur.</span> <span class='ocrx_word' id='word_1_253' title='bbox 753 3100 814 3149; x_wconf 88' lang='lat' dir='ltr'>Vid.</span> <span class='ocrx_word' id='word_1_254' title='bbox 832 3104 856 3159; x_wconf 80' lang='lat'>8,</span> <span class='ocrx_word' id='word_1_255' title='bbox 871 3105 950 3150; x_wconf 65' lang='lat' dir='ltr'>rtet</span> <span class='ocrx_word' id='word_1_256' title='bbox 973 3100 1105 3170; x_wconf 67' lang='lat' dir='ltr'>Vitrut&#39;ius</span> <span class='ocrx_word' id='word_1_257' title='bbox 1122 3106 1148 3159; x_wconf 74' lang='lat'>2,</span> <span class='ocrx_word' id='word_1_258' title='bbox 1168 3102 1193 3149; x_wconf 82' lang='grc'>9.</span> 
     </span>
     <span class='ocr_line' id='line_1_34' title="bbox 103 3164 1054 3229; baseline 0.004 -17"><span class='ocrx_word' id='word_1_259' title='bbox 103 3164 243 3227; x_wconf 60' lang='lat' dir='ltr'>amum</span> <span class='ocrx_word' id='word_1_260' title='bbox 258 3165 401 3224; x_wconf 79' lang='lat' dir='ltr'>delendum,</span> <span class='ocrx_word' id='word_1_261' title='bbox 420 3173 447 3215; x_wconf 85' lang='lat' dir='ltr'>et</span> <span class='ocrx_word' id='word_1_262' title='bbox 464 3167 628 3215; x_wconf 71' lang='lat' dir='ltr'>cohortibus</span> <span class='ocrx_word' id='word_1_263' title='bbox 673 3168 931 3217; x_wconf 71' lang='lat' dir='ltr'>suarattmsss‘ttose</span> <span class='ocrx_word' id='word_1_264' title='bbox 942 3170 1054 3229; x_wconf 69' lang='lat' dir='ltr'>confines.</span> 
     </span>
     <span class='ocr_line' id='line_1_35' title="bbox 103 3227 1084 3294; baseline 0.004 -19"><span class='ocrx_word' id='word_1_265' title='bbox 103 3227 281 3291; x_wconf 85' lang='lat' dir='ltr'>superioribus</span> <span class='ocrx_word' id='word_1_266' title='bbox 306 3231 470 3294; x_wconf 83' lang='lat' dir='ltr'>repetendum</span> <span class='ocrx_word' id='word_1_267' title='bbox 495 3246 560 3279; x_wconf 86' lang='lat' dir='ltr'>esse.</span> <span class='ocrx_word' id='word_1_268' title='bbox 588 3232 627 3279; x_wconf 78' lang='lat' dir='ltr'>M.</span> <span class='ocrx_word' id='word_1_269' title='bbox 708 3234 871 3281; x_wconf 78' lang='lat' dir='ltr'>Decuriones.</span> <span class='ocrx_word' id='word_1_270' title='bbox 904 3228 1028 3282; x_wconf 89' lang='lat' dir='ltr'>Vid.lnd.</span> <span class='ocrx_word' id='word_1_271' title='bbox 1046 3230 1084 3279; x_wconf 79' lang='grc'><strong>111.</strong></span> 
     </span>
     <span class='ocr_line' id='line_1_36' title="bbox 108 3293 1195 3360; baseline 0.002 -19"><span class='ocrx_word' id='word_1_272' title='bbox 108 3293 175 3343; x_wconf 82' lang='lat' dir='ltr'>Vide</span> <span class='ocrx_word' id='word_1_273' title='bbox 187 3303 246 3343; x_wconf 87' lang='lat' dir='ltr'>etc.</span> <span class='ocrx_word' id='word_1_274' title='bbox 260 3299 298 3345; x_wconf 79' lang='lat'>1⁵.</span> <span class='ocrx_word' id='word_1_275' title='bbox 309 3294 366 3356; x_wconf 92' lang='lat' dir='ltr'>ubi,</span> <span class='ocrx_word' id='word_1_276' title='bbox 379 3297 474 3359; x_wconf 60' lang='lat' dir='ltr'>legione</span> <span class='ocrx_word' id='word_1_277' title='bbox 482 3296 628 3346; x_wconf 72' lang='lat' dir='ltr'>duodecim</span> <span class='ocrx_word' id='word_1_278' title='bbox 708 3297 870 3355; x_wconf 81' lang='lat' dir='ltr'>Porterr&#39;totr&#39;s,</span> <span class='ocrx_word' id='word_1_279' title='bbox 889 3294 961 3347; x_wconf 83' lang='lat' dir='ltr'>iamro</span> <span class='ocrx_word' id='word_1_280' title='bbox 981 3296 1051 3360; x_wconf 87' lang='lat' dir='ltr'>apud</span> <span class='ocrx_word' id='word_1_281' title='bbox 1072 3306 1195 3359; x_wconf 83' lang='lat' dir='ltr'>posteros.</span> 
     </span>
     <span class='ocr_line' id='line_1_37' title="bbox 104 3358 1196 3421; baseline 0 -13"><span class='ocrx_word' id='word_1_282' title='bbox 104 3366 247 3418; x_wconf 64' lang='lat' dir='ltr'>commu,</span> <span class='ocrx_word' id='word_1_283' title='bbox 268 3361 333 3411; x_wconf 79' lang='lat' dir='ltr'>duas</span> <span class='ocrx_word' id='word_1_284' title='bbox 353 3375 379 3410; x_wconf 84' lang='lat' dir='ltr'>ss</span> <span class='ocrx_word' id='word_1_285' title='bbox 405 3362 519 3411; x_wconf 72' lang='lat' dir='ltr'>babuisse</span> <span class='ocrx_word' id='word_1_286' title='bbox 544 3360 629 3410; x_wconf 71' lang='lat' dir='ltr'>Cesar</span> <span class='ocrx_word' id='word_1_287' title='bbox 679 3362 783 3411; x_wconf 71' lang='lat' dir='ltr'>Vossius</span> <span class='ocrx_word' id='word_1_288' title='bbox 817 3358 949 3411; x_wconf 82' lang='lat' dir='ltr'>Rubenius</span> <span class='ocrx_word' id='word_1_289' title='bbox 970 3362 995 3411; x_wconf 92' lang='lat' dir='ltr'>in</span> <span class='ocrx_word' id='word_1_290' title='bbox 1014 3360 1111 3411; x_wconf 84' lang='lat' dir='ltr'>Electis</span> <span class='ocrx_word' id='word_1_291' title='bbox 1134 3362 1155 3421; x_wconf 86' lang='lat'>1,</span> <span class='ocrx_word' id='word_1_292' title='bbox 1171 3364 1196 3409; x_wconf 88' lang='grc'>8.</span> 
     </span>
     <span class='ocr_line' id='line_1_38' title="bbox 106 3422 1197 3491; baseline 0.003 -20"><span class='ocrx_word' id='word_1_293' title='bbox 106 3422 205 3472; x_wconf 83' lang='lat' dir='ltr'>scribit.</span> <span class='ocrx_word' id='word_1_294' title='bbox 221 3425 372 3474; x_wconf 72' lang='lat' dir='ltr'>Manifestus</span> <span class='ocrx_word' id='word_1_295' title='bbox 386 3425 628 3489; x_wconf 83' lang='lat' dir='ltr'>error,quosisruo-</span> <span class='ocrx_word' id='word_1_296' title='bbox 674 3427 807 3475; x_wconf 87' lang='lat' dir='ltr'>emendare</span> <span class='ocrx_word' id='word_1_297' title='bbox 827 3426 932 3475; x_wconf 85' lang='lat' dir='ltr'>voiebat</span> <span class='ocrx_word' id='word_1_298' title='bbox 952 3429 1083 3491; x_wconf 68' lang='lat' dir='ltr'>petenatis,</span> <span class='ocrx_word' id='word_1_299' title='bbox 1104 3440 1197 3489; x_wconf 83' lang='lat' dir='ltr'>perps-</span> 
     </span>
     <span class='ocr_line' id='line_1_39' title="bbox 105 3489 1199 3555; baseline 0.002 -18"><span class='ocrx_word' id='word_1_300' title='bbox 105 3491 141 3537; x_wconf 87' lang='lat' dir='ltr'>do</span> <span class='ocrx_word' id='word_1_301' title='bbox 160 3489 295 3539; x_wconf 74' lang='lat' dir='ltr'>tollendas·</span> <span class='ocrx_word' id='word_1_302' title='bbox 338 3490 420 3540; x_wconf 86' lang='lat' dir='ltr'>Deieo</span> <span class='ocrx_word' id='word_1_303' title='bbox 446 3506 506 3539; x_wconf 87' lang='lat' dir='ltr'>cum</span> <span class='ocrx_word' id='word_1_304' title='bbox 525 3489 628 3539; x_wconf 79' lang='lat' dir='ltr'>clarino</span> <span class='ocrx_word' id='word_1_305' title='bbox 674 3506 737 3541; x_wconf 74' lang='lat' dir='ltr'>mm.</span> <span class='ocrx_word' id='word_1_306' title='bbox 770 3490 809 3539; x_wconf 83' lang='lat' dir='ltr'>Eo</span> <span class='ocrx_word' id='word_1_307' title='bbox 818 3506 902 3551; x_wconf 89' lang='lat' dir='ltr'>sensu,</span> <span class='ocrx_word' id='word_1_308' title='bbox 912 3508 964 3555; x_wconf 92' lang='lat' dir='ltr'>quo</span> <span class='ocrx_word' id='word_1_309' title='bbox 975 3492 1027 3550; x_wconf 86' lang='lat' dir='ltr'>hic,</span> <span class='ocrx_word' id='word_1_310' title='bbox 1036 3506 1086 3541; x_wconf 86' lang='lat' dir='ltr'>vox</span> <span class='ocrx_word' id='word_1_311' title='bbox 1094 3494 1199 3555; x_wconf 77' lang='lat' dir='ltr'>posteri·</span> 
     </span>
     <span class='ocr_line' id='line_1_40' title="bbox 104 3552 1197 3621; baseline 0.001 -19"><span class='ocrx_word' id='word_1_312' title='bbox 104 3554 259 3616; x_wconf 62' lang='lat' dir='ltr'>teqs&#39;rsffiau</span> <span class='ocrx_word' id='word_1_313' title='bbox 275 3555 297 3604; x_wconf 88' lang='lat' dir='ltr'>si</span> <span class='ocrx_word' id='word_1_314' title='bbox 311 3556 353 3605; x_wconf 88' lang='lat' dir='ltr'>eui</span> <span class='ocrx_word' id='word_1_315' title='bbox 363 3553 446 3619; x_wconf 78' lang='lat' dir='ltr'>magis</span> <span class='ocrx_word' id='word_1_316' title='bbox 460 3552 560 3605; x_wconf 84' lang='lat' dir='ltr'>adridet</span> <span class='ocrx_word' id='word_1_317' title='bbox 570 3552 629 3618; x_wconf 85' lang='lat' dir='ltr'>opi·</span> <span class='ocrx_word' id='word_1_318' title='bbox 673 3558 732 3607; x_wconf 73' lang='lat' dir='ltr'>tatis</span> <span class='ocrx_word' id='word_1_319' title='bbox 749 3554 840 3618; x_wconf 81' lang='lat' dir='ltr'>legitur</span> <span class='ocrx_word' id='word_1_320' title='bbox 856 3564 881 3605; x_wconf 88' lang='lat' dir='ltr'>et</span> <span class='ocrx_word' id='word_1_321' title='bbox 899 3559 968 3621; x_wconf 84' lang='lat' dir='ltr'>apud</span> <span class='ocrx_word' id='word_1_322' title='bbox 977 3554 1094 3606; x_wconf 80' lang='lat' dir='ltr'>Tacitum</span> <span class='ocrx_word' id='word_1_323' title='bbox 1107 3555 1197 3605; x_wconf 86' lang='lat' dir='ltr'>Annsl.</span> 
     </span>
     <span class='ocr_line' id='line_1_41' title="bbox 106 3616 1197 3685; baseline 0 -18"><span class='ocrx_word' id='word_1_324' title='bbox 106 3616 155 3673; x_wconf 86' lang='lat' dir='ltr'>uio</span> <span class='ocrx_word' id='word_1_325' title='bbox 169 3616 355 3685; x_wconf 79' lang='lat' dir='ltr'>Oudendorpii.</span> <span class='ocrx_word' id='word_1_326' title='bbox 372 3620 509 3672; x_wconf 85' lang='lat' dir='ltr'>substituet</span> <span class='ocrx_word' id='word_1_327' title='bbox 525 3622 630 3671; x_wconf 80' lang='lat' dir='ltr'>cohorti·</span> <span class='ocrx_word' id='word_1_328' title='bbox 675 3624 700 3680; x_wconf 78' lang='lat'>8,</span> <span class='ocrx_word' id='word_1_329' title='bbox 715 3622 753 3671; x_wconf 86' lang='grc'>19.</span> <span class='ocrx_word' id='word_1_330' title='bbox 766 3628 792 3669; x_wconf 88' lang='lat' dir='ltr'>et</span> <span class='ocrx_word' id='word_1_331' title='bbox 804 3620 836 3668; x_wconf 90' lang='grc'><strong>1-1.</strong></span> <span class='ocrx_word' id='word_1_332' title='bbox 847 3625 872 3679; x_wconf 73' lang='grc'>1,</span> <span class='ocrx_word' id='word_1_333' title='bbox 884 3624 924 3671; x_wconf 76' lang='grc'><strong>511.</strong></span> <span class='ocrx_word' id='word_1_334' title='bbox 941 3622 1001 3671; x_wconf 85' lang='lat' dir='ltr'>item</span> <span class='ocrx_word' id='word_1_335' title='bbox 1013 3620 1070 3669; x_wconf 78' lang='lat' dir='ltr'>Gis.</span> <span class='ocrx_word' id='word_1_336' title='bbox 1081 3619 1159 3669; x_wconf 81' lang='lat' dir='ltr'>Ture.</span> <span class='ocrx_word' id='word_1_337' title='bbox 1175 3622 1197 3678; x_wconf 89' lang='lat' dir='ltr'>l,</span> 
     </span>
     <span class='ocr_line' id='line_1_42' title="bbox 106 3682 1196 3749; baseline -0.002 -16"><span class='ocrx_word' id='word_1_338' title='bbox 106 3684 161 3733; x_wconf 79' lang='lat' dir='ltr'>tas.</span> <span class='ocrx_word' id='word_1_339' title='bbox 188 3682 309 3749; x_wconf 71' lang='lat' dir='ltr'>legions</span> <span class='ocrx_word' id='word_1_340' title='bbox 319 3685 380 3735; x_wconf 83' lang='lat' dir='ltr'>xul</span> <span class='ocrx_word' id='word_1_341' title='bbox 391 3684 472 3734; x_wconf 89' lang='lat' dir='ltr'>tribus</span> <span class='ocrx_word' id='word_1_342' title='bbox 481 3684 629 3734; x_wconf 89' lang='lat' dir='ltr'>cohortibus</span> <span class='ocrx_word' id='word_1_343' title='bbox 677 3689 716 3735; x_wconf 78' lang='lat'>1⁵.</span> <span class='ocrx_word' id='word_1_344' title='bbox 748 3683 814 3734; x_wconf 88' lang='lat' dir='ltr'>Oud.</span> <span class='ocrx_word' id='word_1_345' title='bbox 833 3684 860 3734; x_wconf 91' lang='lat' dir='ltr'>in</span> <span class='ocrx_word' id='word_1_346' title='bbox 878 3686 946 3737; x_wconf 89' lang='lat' dir='ltr'>notis</span> <span class='ocrx_word' id='word_1_347' title='bbox 963 3689 995 3737; x_wconf 87' lang='lat' dir='ltr'>ad</span> <span class='ocrx_word' id='word_1_348' title='bbox 1013 3686 1115 3735; x_wconf 85' lang='lat' dir='ltr'>Sueton.</span> <span class='ocrx_word' id='word_1_349' title='bbox 1131 3682 1196 3733; x_wconf 73' lang='lat' dir='ltr'>Cres.</span> 
     </span>
     <span class='ocr_line' id='line_1_43' title="bbox 105 3748 1198 3814; baseline 0.002 -17"><span class='ocrx_word' id='word_1_350' title='bbox 105 3748 191 3797; x_wconf 67' lang='lat' dir='ltr'>Cesar</span> <span class='ocrx_word' id='word_1_351' title='bbox 211 3748 352 3811; x_wconf 84' lang='lat' dir='ltr'>Pisaurum,</span> <span class='ocrx_word' id='word_1_352' title='bbox 373 3751 478 3808; x_wconf 79' lang='lat' dir='ltr'>Fanum,</span> <span class='ocrx_word' id='word_1_353' title='bbox 500 3752 628 3799; x_wconf 86' lang='lat' dir='ltr'>Anconam</span> <span class='ocrx_word' id='word_1_354' title='bbox 675 3767 699 3800; x_wconf 91' lang='lat' dir='ltr'>c.</span> <span class='ocrx_word' id='word_1_355' title='bbox 720 3752 762 3799; x_wconf 81' lang='lat'>80.</span> <span class='ocrx_word' id='word_1_356' title='bbox 784 3750 896 3814; x_wconf 90' lang='lat' dir='ltr'>conjicit,</span> <span class='ocrx_word' id='word_1_357' title='bbox 917 3753 1003 3805; x_wconf 78' lang='lat' dir='ltr'>locum</span> <span class='ocrx_word' id='word_1_358' title='bbox 1025 3758 1138 3800; x_wconf 87' lang='lat' dir='ltr'>nostrum</span> <span class='ocrx_word' id='word_1_359' title='bbox 1161 3749 1198 3799; x_wconf 85' lang='lat' dir='ltr'>ita</span> 
     </span>
     <span class='ocr_line' id='line_1_44' title="bbox 106 3813 1200 3880; baseline 0.003 -18"><span class='ocrx_word' id='word_1_360' title='bbox 106 3813 253 3877; x_wconf 82' lang='lat' dir='ltr'>occuparit,</span> <span class='ocrx_word' id='word_1_361' title='bbox 267 3815 386 3880; x_wconf 26' lang='lat' dir='ltr'>,quinque</span> <span class='ocrx_word' id='word_1_362' title='bbox 403 3814 529 3866; x_wconf 85' lang='lat' dir='ltr'>Arretium</span> <span class='ocrx_word' id='word_1_363' title='bbox 550 3814 631 3874; x_wconf 83' lang='lat' dir='ltr'>misit,</span> <span class='ocrx_word' id='word_1_364' title='bbox 677 3816 872 3875; x_wconf 88' lang='lat' dir='ltr'>emendandum,</span> <span class='ocrx_word' id='word_1_365' title='bbox 886 3832 925 3880; x_wconf 82' lang='lat' dir='ltr'>pr·</span> <span class='ocrx_word' id='word_1_366' title='bbox 941 3817 1099 3867; x_wconf 68' lang='lat' dir='ltr'>brat-dum</span> <span class='ocrx_word' id='word_1_367' title='bbox 1112 3822 1200 3879; x_wconf 76' lang='lat' dir='ltr'>posen,</span> 
     </span>
     <span class='ocr_line' id='line_1_45' title="bbox 107 3879 1240 3945; baseline -0.001 -17"><span class='ocrx_word' id='word_1_368' title='bbox 107 3880 267 3929; x_wconf 59' lang='lat' dir='ltr'>wascum</span> <span class='ocrx_word' id='word_1_369' title='bbox 276 3880 387 3944; x_wconf 85' lang='lat' dir='ltr'>reliquas</span> <span class='ocrx_word' id='word_1_370' title='bbox 400 3879 500 3936; x_wconf 79' lang='lat' dir='ltr'>inbuit.</span> <span class='ocrx_word' id='word_1_371' title='bbox 676 3881 830 3931; x_wconf 60' lang='lat' dir='ltr'>moneret</span> <span class='ocrx_word' id='word_1_372' title='bbox 843 3884 1024 3932; x_wconf 60' lang='lat' dir='ltr'>necessumst</span> <span class='ocrx_word' id='word_1_373' title='bbox 1036 3882 1200 3945; x_wconf 68' lang='lat' dir='ltr'>pertrutinat,</span> <span class='ocrx_word' id='word_1_374' title='bbox 1238 3908 1240 3913; x_wconf 68' lang='lat'>,</span> 
     </span>
     <span class='ocr_line' id='line_1_46' title="bbox 142 3943 1200 4010; baseline 0.001 -17"><span class='ocrx_word' id='word_1_375' title='bbox 142 3945 289 3995; x_wconf 69' lang='lat' dir='ltr'>Pratomn.</span> <span class='ocrx_word' id='word_1_376' title='bbox 304 3944 494 3995; x_wconf 75' lang='lat' dir='ltr'>Freinshemius</span> <span class='ocrx_word' id='word_1_377' title='bbox 501 3943 528 3992; x_wconf 92' lang='lat' dir='ltr'>in</span> <span class='ocrx_word' id='word_1_378' title='bbox 538 3944 590 3993; x_wconf 89' lang='lat' dir='ltr'>iud.</span> <span class='ocrx_word' id='word_1_379' title='bbox 598 3945 630 3993; x_wconf 83' lang='lat' dir='ltr'>sd</span> <span class='ocrx_word' id='word_1_380' title='bbox 677 3943 738 4009; x_wconf 87' lang='lat' dir='ltr'>quio</span> <span class='ocrx_word' id='word_1_381' title='bbox 753 3945 841 3993; x_wconf 88' lang='lat' dir='ltr'>Celsus</span> <span class='ocrx_word' id='word_1_382' title='bbox 856 3944 892 3993; x_wconf 91' lang='lat' dir='ltr'>ita</span> <span class='ocrx_word' id='word_1_383' title='bbox 911 3946 988 3996; x_wconf 83' lang='lat' dir='ltr'>habet</span> <span class='ocrx_word' id='word_1_384' title='bbox 1005 3962 1032 4010; x_wconf 91' lang='lat' dir='ltr'>p.</span> <span class='ocrx_word' id='word_1_385' title='bbox 1047 3949 1100 4005; x_wconf 77' lang='grc'><strong>183.</strong></span> <span class='ocrx_word' id='word_1_386' title='bbox 1117 3952 1200 4002; x_wconf 75' lang='lat' dir='ltr'>mont,</span> 
     </span>
     <span class='ocr_line' id='line_1_47' title="bbox 107 4008 1201 4075; baseline -0.001 -16"><span class='ocrx_word' id='word_1_387' title='bbox 107 4008 214 4059; x_wconf 78' lang='lat' dir='ltr'>norum</span> <span class='ocrx_word' id='word_1_388' title='bbox 243 4011 340 4059; x_wconf 80' lang='lat' dir='ltr'>mavolt</span> <span class='ocrx_word' id='word_1_389' title='bbox 367 4012 555 4075; x_wconf 66' lang='lat' dir='ltr'>sapsam,</span> <span class='ocrx_word' id='word_1_390' title='bbox 586 4010 631 4057; x_wconf 87' lang='lat' dir='ltr'>ssd</span> <span class='ocrx_word' id='word_1_391' title='bbox 668 4009 1201 4074; x_wconf 74' lang='lat' dir='ltr'>,utsomoe‚utsuossrorumqueds&#39;serr&#39;ms&#39;ns&#39;,</span> 
     </span>
     <span class='ocr_line' id='line_1_48' title="bbox 111 4074 1203 4139; baseline -0.001 -16"><span class='ocrx_word' id='word_1_392' title='bbox 111 4074 211 4124; x_wconf 80' lang='lat' dir='ltr'>Praetor</span> <span class='ocrx_word' id='word_1_393' title='bbox 229 4088 297 4139; x_wconf 63' lang='lat' dir='ltr'>sepe</span> <span class='ocrx_word' id='word_1_394' title='bbox 314 4075 416 4135; x_wconf 87' lang='lat' dir='ltr'>dicitur,</span> <span class='ocrx_word' id='word_1_395' title='bbox 436 4074 483 4139; x_wconf 90' lang='lat' dir='ltr'>qui</span> <span class='ocrx_word' id='word_1_396' title='bbox 502 4090 562 4124; x_wconf 85' lang='lat' dir='ltr'>enm</span> <span class='ocrx_word' id='word_1_397' title='bbox 583 4074 632 4123; x_wconf 90' lang='lat' dir='ltr'>im·</span> <span class='ocrx_word' id='word_1_398' title='bbox 678 4074 742 4123; x_wconf 67' lang='grc' dir='ltr'>ἆιιηι</span> <span class='ocrx_word' id='word_1_399' title='bbox 758 4082 856 4139; x_wconf 72' lang='lat' dir='ltr'>tempu</span> <span class='ocrx_word' id='word_1_400' title='bbox 872 4084 917 4134; x_wconf 83' lang='lat' dir='ltr'>est,</span> <span class='ocrx_word' id='word_1_401' title='bbox 932 4078 1054 4127; x_wconf 71' lang='lat' dir='ltr'>cornutae.</span> <span class='ocrx_word' id='word_1_402' title='bbox 1088 4074 1203 4125; x_wconf 84' lang='lat' dir='ltr'>Jurinius</span> 
     </span>
     <span class='ocr_line' id='line_1_49' title="bbox 110 4138 1204 4255; baseline 0 -66"><span class='ocrx_word' id='word_1_403' title='bbox 110 4139 182 4204; x_wconf 82' lang='lat' dir='ltr'>perio</span> <span class='ocrx_word' id='word_1_404' title='bbox 198 4148 297 4205; x_wconf 80' lang='lat' dir='ltr'>praest.</span> <span class='ocrx_word' id='word_1_405' title='bbox 331 4140 372 4191; x_wconf 63' lang='lat' dir='ltr'>p,</span> <span class='ocrx_word' id='word_1_406' title='bbox 391 4154 440 4192; x_wconf 81' lang='lat' dir='ltr'>rau</span> <span class='ocrx_word' id='word_1_407' title='bbox 459 4140 580 4192; x_wconf 80' lang='lat' dir='ltr'>Stavereu</span> <span class='ocrx_word' id='word_1_408' title='bbox 598 4139 632 4195; x_wconf 79' lang='lat' dir='ltr'>at</span> <span class='ocrx_word' id='word_1_409' title='bbox 681 4138 862 4255; x_wconf 49' lang='lat' dir='ltr'>{ltpbreittlegir</span> <span class='ocrx_word' id='word_1_410' title='bbox 878 4142 1035 4206; x_wconf 61' lang='lat' dir='ltr'>praeustam</span> <span class='ocrx_word' id='word_1_411' title='bbox 1045 4149 1152 4207; x_wconf 73' lang='lat' dir='ltr'>potuum</span> <span class='ocrx_word' id='word_1_412' title='bbox 1164 4144 1204 4198; x_wconf 75' lang='lat' dir='ltr'>rit,</span> 
     </span>
     <span class='ocr_line' id='line_1_50' title="bbox 154 4214 1207 4272; baseline -0.002 -17"><span class='ocrx_word' id='word_1_413' title='bbox 154 4244 157 4249; x_wconf 98' lang='lat'>-</span> <span class='ocrx_word' id='word_1_414' title='bbox 593 4238 596 4241; x_wconf 60' lang='lat'><strong>⁴</strong></span> <span class='ocrx_word' id='word_1_415' title='bbox 614 4237 619 4246; x_wconf 66' lang='lat'>*</span> <span class='ocrx_word' id='word_1_416' title='bbox 735 4214 802 4258; x_wconf 62' lang='lat' dir='ltr'><strong><em>erat·</em></strong></span> <span class='ocrx_word' id='word_1_417' title='bbox 813 4224 841 4272; x_wconf 73' lang='lat' dir='ltr'>p·</span> <span class='ocrx_word' id='word_1_418' title='bbox 852 4222 872 4257; x_wconf 63' lang='grc' dir='ltr'>Ι.</span> <span class='ocrx_word' id='word_1_419' title='bbox 1014 4226 1021 4233; x_wconf 92' lang='grc'><em>“</em></span> <span class='ocrx_word' id='word_1_420' title='bbox 1204 4242 1207 4253; x_wconf 74' lang='grc' dir='ltr'>ι</span> 
     </span>
    </p>
   </div>
   <div class='ocr_carea' id='block_1_4' title="bbox 0 0 1476 4809">
    <p class='ocr_par' dir='ltr' id='par_1_6' title="bbox 0 0 1476 4809">
     <span class='ocr_line' id='line_1_51' title="bbox 0 0 1476 4809; baseline 0 0"><span class='ocrx_word' id='word_1_421' title='bbox 0 0 1476 4809; x_wconf 95' lang='lat' dir='ltr'> </span> 
     </span>
    </p>
   </div>
  </div>
 </body>
</html>
