2909 4809
433 283 520 372 usit.
545 285 592 372 n.-
636 287 740 372 oar.
764 287 861 373 s-'s
1121 289 1189 380 stt

83 491 318 560 laborantibus
345 494 588 560 succumbant.
635 493 755 582 Neque
776 497 855 562 v'ero
879 495 1040 568 con'un'cti
1067 495 1191 572 Alble'is

84 581 271 646 comminus
298 578 475 669 pugnaudo
499 578 711 655 deficiebsnt;
742 596 846 668 neque
871 521 1011 650 mullum
1032 577 1191 656 sedebunt

85 665 220 732 virtute
235 668 370 734 nostris:
392 667 487 733 dmnl
505 688 546 732 er
564 668 742 734 minoribus
764 670 898 735 navibus
918 676 1035 758 magne
1049 671 1098 738 vis
1114 672 1190 742 emi-

87 777 152 820 nus
164 755 260 820 missa
272 753 412 819 telorum
424 755 529 820 mults
541 755 657 822 nostris
673 756 728 842 [de
740 757 926 846 improviso]
941 755 1191 845 inprudentibus

86 852 194 928 atque
220 840 371 930 inpeditis
401 841 537 906 vulnera
562 842 769 908 inferebant:
809 845 958 934 conspice
1022 869 1064 909 ue
1093 849 1189 915 nares

87 929 244 994 triremes
257 927 331 994 duae
350 951 463 993 navem
480 927 523 994 D.
542 929 650 1005 Bruti,
674 952 749 1016 quae
760 951 801 996 ex
816 931 931 1020 insigni
945 930 1038 996 facie
1061 931 1189 1022 agnosci

90 1027 241 1104 poterat,
255 1014 384 1081 duabus
400 1039 440 1080 ex
455 1015 603 1105 portibus
626 1039 692 1080 sese
716 1016 750 1080 in
774 1039 846 1082 eam
872 1017 1105 1092 incitaveraut3
1135 1015 1191 1092 sed

91 1116 239 1177 tantum,
261 1125 297 1168 re
312 1102 454 1191 provisa,
482 1101 605 1168 Brutus
632 1103 797 1169 celeritate
825 1105 913 1172 navis
937 1104 1041 1170 enisus
1067 1117 1126 1180 est,
1152 1099 1191 1171 'ul

90 1211 199 1292 parvo
224 1203 386 1255 momento
415 1189 632 1254 antecederet.-
684 1189 753 1256 lllae
778 1189 861 1258 adeo
885 1191 1030 1279 graviter
1051 1191 1136 1258 inter
1158 1217 1191 1260 ss

89 1276 237 1342 sucitatae
249 1275 476 1351 conflixerunt,
492 1289 530 1340 ut
537 1275 809 1343 vehementissime
824 1289 971 1366 utraeque
982 1301 1022 1342 ex
1035 1285 1194 1348 concursu

91 1363 304 1437 laborarent;
326 1364 429 1430 altera
446 1385 525 1428 vero
538 1363 712 1452 proefrncto
732 1376 838 1432 rostro
862 1375 933 1432 tota
949 1363 1192 1437 conlabefieret.

95 1451 173 1526 Qua
189 1450 377 1518 reanimum
390 1447 534 1525 adversa,
572 1471 623 1514 nas
639 1452 792 1540 proxime
806 1451 835 1517 ei
848 1451 919 1518 loco
931 1473 972 1516 ex
987 1451 1083 1518 Bruti
1097 1451 1194 1522 classe

92 1559 194 1603 naves
215 1548 321 1613 erant,
352 1538 385 1602 in
408 1559 460 1602 eas
482 1539 514 1602 in
581 1537 641 1603 itas
665 1538 813 1628 inpetum
837 1540 961 1606 lacismt
982 1537 1195 1630 celeriterque

93 1625 209 1690 ambas
222 1624 419 1713 deprimunt.
481 1649 486 1656 ·
1114 1685 1117 1692 .

139 1711 172 1774 7.
198 1710 265 1775 Sed
282 1711 462 1776 Nasidianae
488 1714 584 1776 naves
609 1708 700 1774 nullo
724 1710 796 1776 usui
822 1710 957 1777 suerum
983 1709 1194 1802 celeriterque

96 1818 212 1887 pogna
230 1809 454 1864 excesseruntt
487 1820 550 1863 non
569 1796 654 1861 enim
668 1795 725 1860 bas
738 1807 796 1862 aut
810 1807 997 1886 conspectus
1056 1797 1125 1864 triae
1139 1793 1199 1866 au't

96 1886 360 1974 propinquorum
383 1897 543 1973 praecepta
563 1882 606 1947 ad
620 1895 799 1950 extremum
815 1884 890 1950 vitae
897 1881 1018 2036 pericu
1033 1905 1087 1950 um
1107 1868 1196 1978 adire

96 1972 274 2058 cogebant.
309 1970 677 2060 ltaqueexeonumero
692 1971 824 2038 nauium
838 1970 895 2034 nul
942 1969 1121 2037 desiderata
1135 1983 1197 2050 est,

97 2083 141 2124 ex
157 2050 405 2124 Massiliensium
421 2059 519 2123 classe
533 2057 677 2145 quinque
690 2061 766 2122 suut.
781 2057 950 2145 depressa,
966 2069 1109 2144 quatuor
1122 2081 1198 2148 cap-

99 2159 156 2220 tae,
187 2167 252 2210 una
278 2167 352 2210 cum
375 2143 557 2210 Nasidianis
577 2143 746 2233 profugit:
782 2167 854 2247 puoe
881 2165 989 2210 omnes
1015 2143 1199 2214 citeriorem

101 2231 299 2321 Hispaniam
314 2230 521 2318 petiverunt:
554 2241 591 2296 st
615 2253 655 2297 ex
681 2229 812 2318 reliquus
839 2253 904 2298 uns
928 2231 1090 2322 premissa
1112 2233 1199 2300 Mss-

97 2317 217 2392 silinm,
244 2317 340 2406 hujus
360 2319 466 2383 nuncii
489 2317 673 2406 perferendi
701 2319 820 2404 gratia,
858 2323 959 2406 quum
986 2320 1053 2407 jem
1081 2319 1124 2384 sd
1160 2327 1199 2387 ’δε

98 2405 139 2495 pi
186 2414 282 2469 naret
318 2404 407 2480 urbi,
443 2407 545 2469 omnis
581 2427 646 2469 sese
675 2405 853 2472 multitudo
874 2405 915 2472 ad
945 2423 1122 2496 cognoscet]
1146 2407 1203 2474 ulu

99 2491 169 2560 effu
196 2490 223 2556 't
251 2513 301 2566 ac,
338 2514 373 2557 re
406 2492 548 2580 cognita,
570 2502 679 2556 tantus
699 2490 807 2557 luctus
828 2489 970 2580 excepit,
1001 2503 1039 2557 ut
1061 2495 1138 2560 urbs
1152 2495 1201 2579 ¹ab

99 2578 252 2646 hostibus
287 2589 386 2665 capta
425 2578 537 2644 eodem
571 2578 709 2666 vestigio
745 2579 923 2645 videretur.
992 2577 1205 2647 Massilienses

103 2679 215 2731 nmen
230 2662 328 2730 nihilo
343 2665 472 2751 sequius
485 2664 527 2731 ad
542 2663 754 2730 defensionem
775 2666 864 2731 urbis
891 2663 1020 2751 reliqua
1045 2664 1203 2755 adparere

104 2776 158 2821 coe
202 2765 292 2818 runt.
344 2796 357 2812 ,
1036 2761 1043 2777 ¹
1195 2787 1204 2802 ·

177 2883 185 2900 .
210 2838 270 2903 Est
288 2837 546 2904 animadversum
559 2838 604 2903 ab
618 2835 812 2926 legionariis,
826 2837 881 2924 qui
896 2837 1062 2905 dexteram
1077 2849 1204 2928 partem

105 2924 219 3016 operis
254 2923 532 3000 administrabant,
569 2947 609 2990 ex
642 2924 763 2993 crebris
798 2921 937 2991 hostium
970 2925 1207 3014 eruptionibus,

107 3033 229 3098 magno
240 3011 302 3078 sibi
314 3035 381 3077 esse
394 3010 541 3101 praesidio
557 3035 661 3100 pose,
682 3010 707 3076 si
726 3034 787 3099 pro
803 3011 936 3078 castello
948 3035 986 3078 sc
1001 3013 1208 3102 receptaculo
1244 3069 1247 3075 .

108 3099 231 3164 turrim
250 3119 291 3164 ex
313 3096 415 3163 latere
430 3097 492 3164 sub
505 3120 601 3164 muro
625 3098 783 3175 fecissent,
798 3100 1016 3188 quamprimo
1036 3098 1079 3166 ad
1094 3119 1208 3190 repen·

150 3270 305 3334 laserebcnt.
334 3269 402 3320 Beue
414 3269 461 3330 sic,
476 3277 505 3320 ut
520 3267 550 3318 G.
561 3273 585 3330 8,
599 3269 638 3318 Π.
721 3269 970 3333 Adccqnotcandsea.
992 3265 1140 3322 liaecverbs
1151 3283 1209 3336 per·

113 3336 250 3386 multitado
259 3361 294 3371 -
302 3343 475 3386 mammat-
498 3333 561 3383 vid.
570 3331 638 3382 etii.
689 3349 774 3398 peram
786 3341 905 3398 suspecta
916 3343 975 3384 sunt
985 3333 1101 3386 Daviaio.

114 3405 142 3448 6.
153 3408 180 3451 et
190 3400 248 3450 Liv.
260 3405 286 3458 2,
297 3407 320 3449 5.
333 3399 393 3448 item
404 3400 481 3450 Grou.
493 3399 639 3457 adunat,
723 3399 836 3464 Seqttiss.
856 3399 897 3448 ΑΙ.
907 3403 992 3460 meist,
1002 3401 1071 3466 quod
1082 3407 1121 3450 est
1130 3397 1208 3450 idum

118 3469 158 3515 16.
177 3465 236 3514 Non
247 3480 308 3528 ergo
320 3480 394 3528 opus,
404 3481 463 3514 cum
477 3465 639 3513 Hotomanus
688 3463 730 3515 Al.
739 3467 849 3527 septam,
861 3479 911 3513 non
922 3465 998 3514 male.
1019 3465 1057 3516 Μ.

115 3531 355 3594 legeremcpmnt.
724 3529 984 3580 terassonam
992 3555 1034 3579 —.
1062 3529 1120 3580 llos
1131 3537 1211 3595 caput
1242 3567 1246 3572 ·

111 3606 115 3610 “
153 3595 254 3660 lsstffloe
270 3594 396 3644 Praetoria
413 3593 486 3644 navis
500 3592 642 3644 luitvexil·
690 3609 748 3643 cum
764 3607 832 3642 uouo
850 3593 1210 3660 inl'rancogallicumserma·

115 3661 171 3710 lum
194 3675 361 3724 purpureum,
381 3659 504 3716 interdum
528 3668 554 3709 et
571 3659 640 3709 aliud
690 3674 749 3708 nem
758 3657 885 3708 transtulit
894 3668 920 3710 et
933 3659 1212 3712 illustravictiuissbat-

116 3723 192 3788 quid.
203 3723 281 3773 Conl.
292 3722 413 3773 sthenes.
423 3726 455 3773 de
462 3723 539 3775 milit.
549 3739 642 3788 casp.
691 3725 738 3774 dos
749 3723 775 3772 iu
785 3721 926 3774 Memoires
939 3725 1058 3790 critiques
1073 3733 1099 3774 et
1109 3723 1213 3776 histori-

120 3791 177 3837 175.
191 3791 228 3838 Μ.
255 3787 326 3838 Male
338 3789 380 3838 bic
400 3789 444 3839 alii
461 3791 644 3852 eaifflveles
689 3805 752 3852 ques
763 3787 794 3837 T.
806 3793 830 3838 4.
842 3805 868 3854 p.
883 3792 938 3848 104,
958 3805 1016 3840 cum
1032 3791 1084 3854 jam
1100 3789 1210 3841 auleti!

117 3857 201 3919 signo.
223 3853 323 3903 locum
333 3854 477 3904 emendavit
488 3854 606 3904 Faernus.
693 3852 967 3906 Memoiresmiliteire·
977 3855 1009 3905 T.
1020 3859 1045 3903 2.
1055 3857 1212 3918 p.58.eu1n·

159 3919 280 3977 Tantum,
293 3936 322 3968 re
336 3921 445 3984 muira.
471 3920 645 3972 Aliitcmtane
692 3920 751 3994 dem
764 3919 848 3996 locum
861 3927 1001 3982 tractasset,
1021 3928 1050 3970 et
1065 3919 1152 3972 tsbuls
1168 3921 1212 3996 pri

117 4000 293 4112 promittente
304 4057 391 4122 metro.
414 4049 455 4098 Sic
474 4051 548 4101 codd.
561 4049 645 4113 Vulgo
694 3985 1215 4124 lllbllsarclpblrbsbbbllslttlomboofflsffiltbt

117 4113 252 4179 piscano.
276 4113 576 4181 hostiensi-prmus.
695 4113 984 4166 dquevelrerFolurd·
997 4132 1023 4179 p.
1036 4117 1077 4164 87.

159 4179 276 4228 Am
286 4177 399 4229 deeras.
412 4179 479 4228 Oud.
489 4197 503 4230 e
512 4181 572 4231 cod.
585 4179 648 4230 Vul-
733 4179 837 4230 Tnm'm
845 4183 965 4240 cetoros,
973 4179 1059 4232 turrim
1070 4179 1214 4234 bleritiau.

125 4244 357 4307 pauonum.
547 4261 550 4264 ⁴
698 4245 737 4295 M.
754 4245 836 4295 lieutl.
847 4244 917 4295 addit
926 4249 1063 4298 statim.

161 4311 314 4374 Cosmus·
336 4306 390 4360 stit
402 4317 534 4374 mpeetttn
