2909 4809
253 173 320 310 sao
596 236 660 307 nr
682 229 832 308 sasso
856 227 1013 308 cnm.
1099 230 1109 292 .·

256 424 391 494 cesaris
404 437 628 514 exspectatur:
650 427 775 496 nullum
789 451 829 494 ex
841 449 947 503 muro,
963 425 1120 492 nulluma
1134 422 1250 490 nostris
1272 424 1348 490 mit·
1426 475 1427 478 ,

256 513 339 579 titur
366 512 487 587 telum3
511 525 549 576 ut
575 537 610 579 re
633 515 792 592 conform,
819 537 927 580 omnes
954 537 1072 588 curam,
1086 525 1120 576 et
1143 510 1347 598 diligentiam

256 597 438 664 remittunt.
482 599 590 667 Caesar
617 601 701 666 enim
728 625 788 690 per
812 601 936 666 litteras
961 599 1126 666 Trebonio
1148 621 1348 688 magnopere

255 685 474 762 mandaverat,
488 709 526 751 ne
537 709 602 788 per
627 687 692 752 uim
716 687 876 778 oppidum
899 685 1075 776 expugnari
1096 697 1280 776 pateretur;
1305 709 1347 750 ne

255 770 386 859 gravius
405 785 547 874 permotr
570 773 687 838 milites
713 787 748 839 et
767 773 955 841 defectionis
977 773 1050 839 odio
1072 787 1105 836 et
1128 771 1345 839 contemtione

228 908 231 914 .
254 857 305 923 sui
323 869 358 924 et
380 858 506 925 diutino
528 859 637 925 labore
657 882 764 926 omnes
787 860 924 950 puberes
943 859 1177 926 interficerent:
1201 859 1289 944 quod
1311 881 1345 923 se

255 943 398 1010 facturos
411 946 634 1020 minabantur;
657 969 806 1034 regreque
827 960 903 1012 tunc
916 959 990 1014 sunt
1004 946 1133 1021 retenti,
1155 944 1234 1034 quin
1249 947 1345 1035 oppi-

253 1029 331 1096 dum
366 1030 472 1098 inrum
515 1044 601 1107 rent,
636 1033 845 1124 graviterque
880 1055 948 1099 eam
976 1055 1044 1098 rem
1073 1033 1233 1107 tulerunt,
1255 1031 1345 1120 quod

253 1118 378 1269 {tptisse
401 1141 459 1206 per
474 1056 687 1196 lfa-emnium,
703 1120 887 1208 quominus
905 1119 1025 1212 oppido
1041 1121 1238 1208 potirentur,
1254 1119 1344 1186 vide-

297 1215 364 1269 tur.

301 1289 350 1354 14.
375 1291 422 1355 At
433 1287 537 1356 hostes
550 1293 617 1360 eine
632 1291 695 1357 lide
710 1304 837 1385 tempus
847 1303 945 1380 atque
958 1293 1153 1358 occasionem
1169 1291 1294 1358 fraudis
1306 1315 1343 1360 ac

251 1373 320 1441 doli
334 1389 499 1466 quaerunt;
523 1377 765 1468 interjectisque
780 1379 905 1468 aliquot
918 1379 1041 1454 diebus,
1061 1379 1175 1450 nostris
1189 1379 1344 1467 languen-

252 1462 342 1528 tibus
354 1475 452 1551 atque
466 1464 571 1530 animo
584 1465 731 1542 remissis,
745 1467 862 1542 subito,
882 1465 1056 1542 meridiano
1069 1478 1227 1568 tempore,
1241 1487 1345 1552 quum

245 1548 335 1615 ‘alius
354 1548 554 1628 discessisset,
579 1551 661 1617 alius
686 1577 727 1617 ex
752 1551 876 1618 diutino
897 1553 1006 1618 labore
1031 1553 1063 1616 in
1093 1554 1168 1641 ipsrs
1190 1552 1345 1642 operibus

172 1676 175 1684 ·
251 1635 356 1722 quieti
383 1661 416 1703 se
442 1636 591 1714 dedisset,
617 1662 707 1704 arma
733 1661 810 1704 vero
835 1639 938 1704 omnia
965 1635 1106 1726 reposita
1129 1651 1345 1726 contectaque

250 1735 367 1799 essent,
395 1725 496 1812 portis
516 1749 549 1790 se
570 1725 656 1790 foras
675 1749 766 1792 erum
792 1739 863 1801 unt,
886 1725 1026 1790 secundo
1047 1747 1225 1813 magnoque
1246 1743 1344 1791 vento

251 1806 359 1896 ignem
374 1809 528 1899 operibus
541 1811 696 1878 inserunt.
779 1833 839 1877 unc
861 1813 905 1877 sic
928 1810 1054 1878 distulit
1065 1825 1191 1888 ventus,
1213 1813 1262 1878 uti
1278 1835 1345 1880 uno

148 1918 152 1931 ·
251 1907 400 1985 tempore
424 1919 536 1987 agger,
557 1899 678 2002 plutei,
703 1899 842 1975 testudo,
867 1898 977 1979 turris,
999 1911 1158 1964 tormenta
1183 1899 1344 1966 flammam

144 2008 146 2011 ·
249 1985 457 2072 conciperent
468 1999 503 2048 et
539 1985 682 2052 rrushaec
695 1986 801 2052 omnia
814 1997 1097 2060 consumerentur,
1130 2007 1215 2062 uam,
1231 2010 1343 2074 quem-

250 2067 426 2137 admodum
440 2009 616 2148 accidisset,
631 2073 773 2139 animum
786 2072 913 2140 adverti
927 2082 1043 2161 posset.
1124 2073 1215 2149 ostri,
1227 2095 1343 2176 repen-

249 2153 319 2219 tina
332 2154 463 2222 fortuna
478 2161 629 2246 permoti,
643 2182 744 2235 arma,
759 2183 831 2248 quae
846 2172 989 2248 possunt,
1015 2157 1201 2248 adripiunt:
1224 2159 1280 2226 aln
1302 2187 1343 2228 ex

190 2300 196 2313 ,
248 2241 362 2307 eastris
384 2267 449 2308 sese
468 2242 619 2318 incitant;
650 2245 689 2310 fit
702 2246 735 2310 in
749 2246 847 2312 hostis
867 2246 1011 2335 inpetum
1032 2247 1087 2310 sed
1107 2269 1202 2312 muro
1215 2249 1343 2336 sagittis

246 2329 482 2418 tormentisque
497 2330 657 2432 lisgientee
669 2333 817 2421 persequi
830 2331 1051 2421 prohibentur.
1074 2331 1127 2398 llli
1139 2333 1200 2400 sub
1211 2357 1342 2401 murum

247 2435 282 2477 se
304 2415 466 2504 recipiunt
496 2417 605 2504 ibrque
630 2419 808 2484 musculum
833 2419 947 2484 turrim
973 2443 1012 2484 ue
1040 2419 1212 2485 lateritiam
1236 2420 1342 2491 libere

247 2497 433 2567 incendunt.
471 2501 523 2568 lta
544 2503 720 2570 multorum
746 2505 899 2571 mensium
926 2443 1018 2572 talos
1040 2505 1178 2572 hostium
1192 2507 1341 2596 perfidia,

246 2591 283 2651 e't
309 2588 343 2652 vi
368 2602 433 2654 tem
492 2589 578 2668 tatis,
606 2605 728 2680 puncto
754 2606 818 2657 tem
843 2593 907 2658 oris
936 2592 1070 2658 interiit.
1115 2594 1341 2662 Tentarerunt

245 2669 309 2739 boc
323 2672 407 2740 idem
423 2613 634 2746 llldsilienses
654 2691 783 2767 postero
804 2615 871 2745 die:
895 2678 1048 2745 eamdem*
1060 2680 1147 2746 nacti
1168 2691 1338 2771 tempesta·

245 2769 325 2836 tem,
352 2762 465 2849 majori
495 2786 568 2829 curn
596 2763 711 2831 fiducia
736 2766 778 2832 ad
807 2766 944 2831 alterum
973 2779 1094 2832 turrem
1121 2789 1338 2856 aggeremque

243 2848 416 2934 eruptione
430 2863 659 2938 pugnaverunt
678 2853 882 2940 multumque
901 2853 1008 2940 ignem
1022 2852 1214 2920 intulerunt.
1261 2857 1337 2934 Sed,

245 2943 287 2996 ut
294 2933 468 3021 superioris
479 2937 632 3025 temporis
642 2939 879 3005 contentionem
891 2939 990 3004 nostri
1003 2961 1128 3004 omnem
1141 2943 1338 3019 remiserant,

243 3015 304 3092 ita,
319 3019 458 3107 proximi
470 3020 534 3086 diei
546 3046 620 3088 uam
632 3023 798 3100 admoniti,
809 3025 962 3093 omniaad
977 3023 1191 3092 defensionem
1204 3051 1337 3116 parave-

245 3117 331 3169 rant.
376 3103 503 3195 ltaque,
518 3107 627 3175 multis
639 3110 828 3190 interfectis,
854 3111 995 3200 reliquos
1007 3111 1125 3204 infecta
1145 3137 1181 3182 re
1194 3113 1227 3182 in
1242 3117 1336 3208 oppi-

245 3188 326 3257 du'm
340 3215 376 3258 re
401 3194 542 3260 ulerunt.
764 3215 767 3222 ’

279 3278 343 3378 'l5.
397 3281 547 3347 sebonius
560 3307 610 3359 es,
639 3308 712 3372 quae
727 3297 803 3352 sunt
817 3285 939 3364 amissa,
954 3285 1058 3352 multo
1081 3287 1203 3378 majore
1227 3287 1334 3356 studio

245 3364 385 3433 rnilitum
398 3367 620 3437 administrare
639 3384 674 3437 et
693 3371 825 3438 reficere
846 3371 997 3438 instituit.
1044 3373 1141 3452 Nam,
1156 3376 1213 3442 ubi
1229 3390 1334 3445 tantas

244 3473 319 3519 suos
331 3451 458 3522 labores
470 3467 505 3521 et
514 3455 690 3547 adparatus
703 3459 787 3527 male
798 3459 944 3526 cecidisse
957 3459 1122 3539 viderunt,
1136 3463 1335 3554 induciisque

280 3625 359 3676 am
376 3633 491 3678 mnteoto.
507 3627 560 3678 vid.
582 3631 615 3679 ad
632 3629 663 3680 B.
685 3631 717 3681 G.
740 3635 765 3694 2,
849 3635 924 3684 Maro
935 3637 1209 3749 rogatisp'rolsibentrn,
1225 3637 1333 3705 sagittis,

245 3689 287 3767 'l'
305 3690 343 3738 Μ.
815 3711 913 3748 emuro
923 3699 1017 3750 missis.
1066 3736 1072 3750 .

279 3755 312 3801 Se
323 3755 395 3818 foras
412 3765 556 3822 rumpuat.
590 3759 632 3809 Sic
652 3769 677 3810 et
694 3759 765 3826 Virg.
846 3765 947 3828 Majon'.
964 3757 1015 3814 atil
1027 3771 1174 3832 moJ'ortqae.

243 3815 275 3866 G.
294 3820 319 3877 4,
336 3821 393 3869 868.
423 3819 464 3871 ci.
485 3831 511 3872 et
535 3823 635 3888 berger.
658 3827 691 3874 de
711 3833 764 3875 nat.
848 3831 989 3893 Superior-ir
1014 3835 1128 3896 temporis
1153 3837 1330 3888 meeum

281 3881 328 3931 ler.
347 3893 411 3934 oret.
428 3901 454 3950 p.
478 3891 535 3938 408.
549 3896 576 3937 et
588 3890 717 3942 Drakenb.
731 3893 764 3941 ad
812 3892 954 3957 (antiquam
974 3893 1163 3956 fortitudinem)
1183 3903 1330 3952 reomaus

263 3943 456 4007 illuminare.
813 3957 871 4071 {per
889 3959 987 4023 aliquot
1007 3959 1082 4022 dies).
1113 3963 1152 4010 M.
1194 3963 1284 4016 Ciacc.
1304 3973 1329 4016 et

272 4011 415 4064 ‘romena
436 4012 576 4080 statim
601 4024 763 4086 comeret.
853 4021 930 4073 nisius
948 4024 1051 4074 mallent
1071 4029 1196 4091 superiora·
1213 4036 1329 4096 tenpore.

243 4073 330 4138 Vulgo
340 4083 516 4148 maenaque.
548 4083 612 4136 Edd.
628 4095 680 4136 vet.
698 4090 764 4137 ocar-
811 4100 948 4153 nonopue.
973 4088 1014 4139 sic
1032 4095 1109 4140 cto.
1127 4093 1329 4158 adapertum

238 4148 335 4208 W·
810 4167 884 4272 m
896 4154 987 4209 mana
1000 4159 1132 4224 precenta
1147 4164 1265 4226 aspum
1278 4165 1330 4230 opt·
