2909 4809
448 246 538 316 ΠΒ.
581 247 847 360 ⁰⁸.¹’⁴·²⁸··³⁰·
924 293 929 298 -
1034 301 1042 329 ,
1153 253 1229 351 ⁴¹4¹,-

139 432 337 513 .,.2t÷.1uter
354 445 461 504 cestra
475 433 577 538 Ragiq
590 446 625 505 et
641 437 776 510 Curris
789 437 853 506 iter
866 437 984 513 flumen
999 439 1231 530 intercedebat*

116 534 309 612 augustum,
329 520 489 588 altissimis
510 547 602 612 rupis,
625 523 715 614 quod
728 524 762 594 in
778 525 894 596 Nilum
909 509 1093 614 influebats
1105 511 1221 596 abeist'

116 622 232 679 autem
247 606 292 675 ab
305 606 405 710 Regis
418 608 530 699 castris
550 609 638 677 milia
655 637 807 702 Ρωιιιιιιι
820 613 949 682 circiter
959 627 1101 706 septem.
1133 609 1221 696 ‚Rex

116 720 225 790 quum
245 695 306 779 boc
328 695 442 769 itinere
467 698 576 768 venire
592 697 763 768 'Caesarem
790 702 1007 803 comperisset,
1035 703 1230 790 equitatum¹

117 806 251 879 omnem
264 781 494 936 eigpeditosqne
508 784 648 854 delectos
661 786 787 878 pedites
800 787 842 854 ad
860 787 896 863 id
911 787 1028 855 flumen
1042 790 1139 872 misit,
1160 789 1220 878 qui

117 871 266 964 mandtu
313 893 442 939 mem
492 869 679 940 rohtberent
698 885 732 940 et
756 876 878 944 eminus
901 900 941 942 ex
962 875 989 942 ri
1015 875 1041 942 is
1080 875 1219 957 ‚roelium

295 968 383 1046 enta
403 896 531 1026 nullium
548 964 632 1049 enim
646 984 830 1052 processum
856 961 960 1042 virtus
983 901 1024 1028 ἐ

117 957 219 1050 inpar
213 979 294 1112 „itm
1024 949 1065 1028 b'e
1110 973 1136 1040 t,
1158 971 1228 1053 ant¹

116 1045 211 1137 peric
248 1067 303 1128 usn
324 1043 452 1134 ignavia
471 1043 616 1116 subibat.
662 1049 744 1124 Quae
759 1073 807 1116 res
820 1049 962 1116 incendit
976 1049 1087 1115 dolore
1099 1046 1218 1115 milites

116 1131 311 1232 equitesque
326 1145 464 1212 nostros,
479 1132 568 1222 qnod
584 1135 731 1203 tamdiu
753 1136 824 1225 pari
845 1135 960 1226 proelio
982 1161 1055 1204 cum
1078 1137 1218 1204 Alexan-

115 1218 220 1311 drinis
234 1231 425 1298 certaretur.
469 1219 587 1310 Itaque
600 1223 712 1290 eodem
733 1231 880 1312 tempote
898 1223 1023 1314 equites
1049 1223 1217 1300 Germani,

115 1304 255 1396 disperd
270 1306 352 1375 vada
365 1305 504 1394 fluminis,
522 1323 713 1400 quaerentes,
739 1311 857 1398 partim
880 1310 1121 1399 demissioribus
1136 1310 1219 1400 ripis
1275 1339 1279 1360 ·

116 1388 238 1473 flumen
259 1404 486 1472 transnur,unt;
508 1407 543 1461 et
564 1393 745 1486 legionarii,
767 1397 891 1488 magnis
905 1395 1075 1464 arboribus
1093 1399 1218 1483 ercisis,

115 1503 193 1568 quae
207 1474 410 1567 longitudine
425 1494 597 1571 utramque
608 1483 713 1573 ripam
726 1485 964 1586 contingerent,
988 1484 1152 1576 projectis,
1168 1507 1218 1569 re·

114 1565 318 1658 pentinoque
332 1590 453 1658 aggere
467 1569 597 1660 injecto,
618 1571 738 1643 flumen
753 1583 960 1638 transierunt.
998 1566 1156 1648 ,Quorum
1171 1571 1219 1638 in-

163 1665 231 1723 tum
243 1653 325 1722 'audeo
383 1657 581 1749 rtimuerunt
593 1655 710 1734 hostes,
726 1669 765 1724 ut
779 1658 812 1724 in
828 1659 907 1747 fuga
920 1683 1009 1750 spem
1021 1641 1133 1724 saluiis
1143 1679 1220 1725 con·

130 1756 282 1811 ocarent:
369 1743 402 1811 id
418 1744 557 1819 frustra;
581 1769 720 1834 namque
731 1749 776 1810 'ex
791 1770 828 1812 ea
842 1745 914 1836 fugi
930 1744 1022 1834 pauci
1033 1745 1074 1826 ad
1092 1743 1218 1836 Regem

116 1827 323 1915 refugerunt,
338 1855 429 1920 paene
444 1832 530 1898 omni
545 1831 671 1920 reliqua
685 1831 896 1899 multitudine
909 1831 1092 1898 interfecta.

161 1913 217 1982 30.
241 1917 360 1994 Caesar,
376 1941 410 1983 re
425 1917 667 2008 praeclarissime
690 1931 795 2008 gesta,
814 1943 917 2007 quum
935 1919 1079 1984 subitum
1098 1919 1217 1986 adven-

115 2008 188 2068 tnnr
208 2028 302 2070 suum
319 2004 480 2092 judicaret
503 2029 554 2070 ma
578 2030 656 2073 num
683 2019 842 2074 terrorem
869 2005 1093 2072 Alexandrinis
1122 2007 1219 2096 injec-

115 2099 242 2166 turum,
258 2091 406 2180 protinns
418 2093 524 2160 victor
590 2103 694 2158 cestra
706 2093 807 2181 Regis
816 2092 990 2182 pertendit.
1008 2085 1105 2160 'Haec
1115 2115 1219 2184 quum

115 2187 151 2241 et.
178 2200 279 2268 opere
297 2201 416 2267 magno
439 2180 575 2269 vallata,
590 2192 624 2245 et
650 2179 713 2246 loci
736 2193 854 2245 natura
874 2179 998 2244 munita
1017 2177 1217 2258 adverteret,

115 2278 360 2354 consertamque
381 2282 581 2336 armatorum
603 2267 845 2334 multitudinem
864 2266 1064 2333 conlocatam
1084 2265 1118 2333 in
1132 2265 1219 2332 valla

114 2349 257 2430 videret,
276 2351 373 2419 lassos
392 2353 508 2422 itinere
533 2379 570 2422 ac
594 2352 778 2444 proeliando
797 2353 915 2420 milites
938 2354 977 2420 ad
998 2355 1042 2419 ob
1068 2353 1220 2444 ugnanda

116 2449 225 2504 castra
237 2433 406 2507 succedere
420 2442 536 2508 noluit.
569 2441 698 2530 ltaque,
712 2465 776 2508 non
786 2465 903 2532 magno
918 2377 1091 2508 intervailo
1104 2441 1219 2508 relicto

115 2524 160 2592 ab
173 2523 276 2604 hoste,
291 2543 396 2596 castra
411 2530 528 2617 posuit.
575 2527 710 2594 Postero
724 2529 777 2595 die
797 2527 977 2606 castellum,
992 2527 1083 2618 quod
1099 2525 1171 2594 Rex
1184 2526 1219 2596 in

116 2612 268 2702 proximo
282 2613 354 2682 vico
370 2638 435 2683 non
451 2617 547 2705 longe
561 2639 582 2682 a
595 2616 660 2681 suis
680 2615 793 2682 castris
813 2616 994 2680 muniverat
1015 2611 1219 2702 brachiisque

117 2723 192 2764 cum
220 2724 319 2792 opere
348 2712 526 2770 castrorum
556 2702 778 2791 conjunxerat,
806 2702 866 2766 vici
897 2699 1064 2766 obtinendi
1096 2723 1217 2784 caussa,

119 2785 227 2854 Coesar
239 2788 410 2878 adgressus
425 2789 572 2858 omnibus
588 2789 690 2890 copiis
701 2800 881 2878 expugnat,
897 2810 960 2854 non
975 2809 1042 2876 qno
1057 2785 1089 2852 id
1102 2787 1218 2854 minori

117 2895 254 2942 numero
273 2876 415 2944 militum
434 2878 585 2966 consequi
607 2874 738 2944 difficile
754 2875 842 2941 iactu
857 2887 1014 2966 putaret;
1044 2871 1099 2938 sed
1121 2887 1159 2940 nt
1172 2873 1217 2941 ab

61 3047 69 3064 Ι
116 2983 155 3029 ea
178 2961 326 3039 victoria,
347 2965 531 3054 perterritis
555 2962 793 3039 Alexandrinis,
818 2961 968 3051 protinus
988 2973 1093 3030 castra
1116 2961 1217 3052 Regis

118 3155 188 3211 illius
197 3155 345 3208 excelsioris
361 3157 434 3218 loci),
448 3165 477 3207 ut
487 3157 551 3206 adeo
562 3171 640 3220 cape·
689 3160 824 3220 propterea
832 3153 949 3203 damnum
959 3153 1049 3203 metuit
1056 3161 1100 3203 ιιιιι
1109 3151 1216 3218 accipit.

118 3229 156 3273 ret
178 3229 273 3285 purtem
294 3230 443 3281 castrorum,
469 3230 498 3269 nt
523 3221 560 3269 ibi
583 3237 639 3271 esse
689 3219 728 3267 M.

118 3294 279 3350 pcnetpars
293 3293 441 3336 castrorum.
471 3285 506 3335 Et
522 3297 580 3348 cap.
597 3290 640 3335 8ο.
724 3285 896 3347 Peripatetici,
908 3283 961 3348 pari
971 3285 1217 3344 annumeramus,

119 3355 147 3401 81
165 3360 303 3402 castrorum
323 3367 381 3416 pars
396 3351 533 3414 aliquoties
549 3350 643 3400 dicitur
690 3355 719 3397 ut
727 3357 817 3398 neutro
828 3347 962 3398 inclinaret
972 3347 1086 3399 victoris.
1106 3349 1145 3396 M.

118 3416 144 3466 in
159 3431 257 3466 musmo
275 3417 335 3466 loco
353 3417 438 3468 luisse.
471 3417 587 3466 Fortasse
597 3415 640 3465 bic
724 3415 833 3464 Purt'm.
867 3413 925 3463 Non
943 3429 997 3462 raro
1012 3412 1090 3462 semel
1103 3412 1213 3476 positum

118 3491 264 3543 mserum
284 3481 551 3532 sednolodelendere.
589 3481 640 3529 Ad-
690 3493 738 3528 nec
756 3479 902 3542 repetitum.
932 3477 973 3526 Cl.
989 3478 1046 3528 Cic.
1068 3476 1213 3536 Veamffl.

118 3547 227 3598 scribom
236 3547 342 3597 alteram
353 3547 500 3606 lectionem,
509 3545 531 3596 si
541 3545 640 3610 quises
689 3546 722 3592 (k
733 3543 794 3608 leg.
805 3549 829 3602 8,
845 3547 881 3593 tl.
900 3542 962 3592 san.
978 3545 1036 3594 Cet.
1047 3545 1087 3592 80.
1110 3541 1174 3592 Vide
1189 3550 1217 3593 et

117 3611 284 3663 moneatursd
293 3615 471 3676 quaerendum:
483 3615 529 3662 alt.
537 3613 578 3662 ed.
586 3613 639 3660 toro
688 3608 756 3658 intra
767 3609 807 3659 At.
817 3611 858 3659 68.
868 3609 903 3657 Η.
916 3613 958 3658 84.
969 3611 1010 3659 87.

118 3678 558 3744 dmbmccotmbtmbat.
580 3676 640 3726 For·
722 3677 852 3737 Projectr's·
882 3675 945 3788 1?
962 3683 987 3724 st
1002 3677 1114 3738 meae
1129 3671 1216 3748 equi·

118 3751 182 3792 ussa
202 3753 291 3794 aucam
310 3743 436 3807 potuisset
453 3743 579 3792 scritum
599 3743 640 3792 al-
687 3737 878 3789 bnsdsmccdd.
931 3774 938 3787 .
969 3739 1218 3802 Nouopur.smcs'=·

116 3814 197 3858 ίενιιιιι
214 3811 348 3859 aarum
367 3811 420 3860 loco
440 3815 522 3858 mum
538 3815 640 3873 portam
688 3804 990 3869 siradjectivcwnstur.

116 3875 394 3925 mmmmm.
410 3875 450 3922 Μ.
723 3872 830 3936 Appen.
852 3869 904 3920 vid.
916 3869 971 3920 iud.
990 3871 1029 3920 M.

151 3941 271 3990 Prusa»
278 3944 363 4004 inpar,
382 3937 474 4003 inquo
486 3939 534 4004 qui
543 3938 639 3988 virtute
725 3937 850 3985 Bauctds.
865 3934 917 3984 vid.
928 3935 981 3985 lnd.
1000 3934 1041 3984 Μ.
1064 3935 1108 3987 Cf.
1118 3933 1177 3986 tir.
1187 3937 1219 3998 s,

118 4013 144 4054 et
153 4003 301 4054 tortitudine
312 4005 349 4054 uti
360 4004 425 4062 vult,
436 4004 521 4054 nullos
531 4005 579 4054 tac
590 4018 638 4054 sus
687 4003 713 4050 8.
735 3997 805 4064 virg.
817 4001 877 4050 AEn.
888 4003 913 4056 8,
925 4003 982 4050 888.
1000 4001 1112 4052 Frontis.
1129 4005 1154 4064 8,
1173 4005 1212 4064 17,

118 4068 209 4120 virtute
220 4084 251 4134 pr
334 4086 365 4118 us
375 4070 484 4135 insignes
492 4071 584 4129 lacem,
594 4077 639 4119 ιιιιι
688 4071 713 4116 8.
735 4066 831 4116 Lucan.
844 4070 868 4124 8,
878 4067 934 4115 887.

117 4135 209 4186 virtute
227 4149 270 4186 ιιιιι
283 4144 336 4186 tum
353 4135 453 4186 effioers
466 4144 566 4201 potestr
591 4134 637 4200 qui
722 4131 781 4180 Nus
800 4145 858 4196 quac.
895 4131 934 4181 lta
951 4130 1010 4180 eod.
1039 4131 1147 4192 nsueti,
1167 4131 1213 4196 qui

116 4215 173 4253 varo
189 4200 295 4266 timidus
309 4210 337 4254 et
350 4200 457 4268 ignum
471 4209 519 4264 est,
537 4201 638 4254 nullum
686 4198 767 4316 iffi:
789 4195 911 4272 omnium.
954 4195 1008 4248 Alii
1036 4198 1114 4266 quod,
1141 4197 1212 4266 qrrod
1289 4243 1294 4255 ,

763 4271 894 4330 ereoeprt.
