2909 4809
488 365 575 437 LIB.
621 367 724 487 curt
747 367 934 435 27-29.·
1069 423 1072 428 .
1177 371 1238 452 491

164 579 243 625 nuru
265 555 377 646 plures
388 556 520 625 adortus
540 543 633 632 esset,
656 557 771 646 pulsus
792 558 910 648 fugatu
948 582 988 626 ue
1002 557 1075 627 inde
1086 559 1239 629 discessit.

139 581 208 714 bed
222 667 324 733 quum
335 667 394 711 nec
407 646 452 710 sic
464 644 634 711 desisteret
647 645 837 733 periclitari,
848 646 933 712 forte
956 648 1054 714 ncidit
1068 649 1100 714 in
1113 671 1239 726 navern,

139 735 174 800 in
188 756 254 822 qua
267 744 359 798 erant
372 732 440 798 duo
453 732 544 809 Titii,
562 731 699 822 Hispani
712 732 940 818 adolescentes,
953 733 1092 802 Tribuni
1106 737 1241 825 legionis

138 821 273 909 quintia,
310 838 428 885 uorum
495 833 579 884 trem
595 820 703 885 casm
724 819 758 886 iu
780 820 962 886 Senatuml
1003 834 1085 898 erat,
1108 835 1240 890 etcum
1348 855 1350 866 ·

139 907 188 974 luis
203 907 243 973 T.
259 841 418 982 Silieuus,
480 906 591 972 nturio
601 906 735 994 legionis
746 907 899 996 ejusdem,
915 909 972 996 qui
1031 909 1239 978 Messallam

141 995 302 1084 legatum
323 993 494 1060 obsederat
511 993 665 1059 Memnoe
686 1007 721 1059 et
739 993 974 1075 seditiosbsirna
988 997 1133 1062 oratione
1148 996 1240 1086 apud

138 1105 213 1150 eum
226 1093 274 1148 est
286 1101 378 1154 usus;
402 1081 551 1170 idemque
566 1081 736 1171 pecuniam
750 1093 784 1146 et
798 1093 985 1150 ornamenta
998 1082 1157 1171 triumphi
1171 1085 1240 1150 Cre·

138 1168 217 1236 saris
241 1167 408 1234 retinenda
432 1180 466 1232 et
492 1166 701 1234 custodienda
726 1175 899 1234 curaverat
921 1181 955 1234 et
977 1170 1022 1236 ob
1036 1168 1093 1235 has
1115 1191 1240 1238 caussas
1351 1205 1355 1220 ·

139 1256 277 1324 timebat
289 1254 362 1321 sibi.
410 1255 474 1320 Hic
497 1267 635 1343 propter
649 1256 875 1322 conscientiam
890 1269 1095 1346 peccatorum
1109 1279 1241 1324 suorum

139 1344 300 1435 persuasit
326 1341 593 1416 adolescentibus,
622 1365 663 1407 ne
689 1367 725 1408 re
752 1355 911 1430 ugnarent
940 1367 1070 1432 seseque
1101 1343 1241 1432 Virgilio

138 1430 352 1496 transdereut.
397 1428 515 1516 ltaque
527 1427 663 1495 deducti
677 1454 696 1494 a
712 1365 852 1518 tllrgilio
866 1429 909 1495 ad
926 1431 1120 1520 Scipionem,
1136 1445 1241 1496 custo·

138 1517 235 1585 dibus
263 1515 412 1581 transditi
436 1527 470 1581 et
495 1530 568 1604 post
592 1517 678 1581 diam
701 1517 834 1582 tertium
857 1529 933 1582 sunt
958 1518 1131 1584 interfecti.
1177 1519 1242 1594 Qui

163 1625 241 1669 nuru
263 1603 462 1669 ducerentur
483 1603 526 1668 ad
546 1625 668 1678 necem,
691 1604 808 1692 petisse
830 1603 952 1670 dicitnr
975 1607 1077 1694 major
1091 1604 1197 1672 Titius
1221 1629 1241 1670 a

139 1624 403 1766 iactationibus,
424 1691 474 1757 uti
489 1713 522 1755 sa
536 1692 690 1778 priorem,
713 1714 812 1777 quarn
831 1690 978 1768 fratrem,
1002 1691 1240 1770 interficerent;

138 1777 173 1844 id
197 1801 239 1843 ue
252 1778 295 1844 ab
307 1778 353 1843 eis
366 1779 459 1843 facile
473 1779 647 1866 inpetrasse
661 1791 761 1866 atque
776 1778 823 1842 ita
837 1801 903 1843 esse
918 1778 1114 1845 interfectos.

182 1879 190 1896 ·
226 1915 233 1930 .
256 1863 387 1930 Turmae
400 1865 528 1930 interim
544 1865 703 1953 equitum,
722 1887 795 1953 quae
818 1886 879 1954 pro
892 1866 980 1931 vallo
1003 1865 1239 1933 iactationibus

137 1977 204 2019 esse
218 1953 376 2029 solebant,
399 1953 443 2018 ab
458 1953 605 2039 utrisque
620 1952 780 2027 Ducibus,
803 1951 951 2040 quotidie
972 1953 1102 2019 minutis
1116 1953 1240 2044 proeliis

137 2043 224 2108 inter
244 2063 279 2104 se
303 2040 492 2129 depugnare
521 2062 586 2105 non
610 2038 846 2104 intermittunt:
877 2061 1116 2128 nonnumquam
1142 2041 1241 2107 etiarn

139 2127 296 2194 Germani
306 2127 459 2214 Gallique
469 2125 645 2192 labienani
656 2149 730 2191 curu
742 2125 878 2192 Caesaris
888 2127 1064 2216 equitibus,
1073 2127 1137 2194 fide
1148 2127 1238 2207 data,

137 2215 225 2282 inter
238 2237 271 2279 se
286 2214 576 2302 conloquebantur.
622 2213 785 2280 labienus
804 2214 933 2280 interim
954 2237 1028 2280 curn
1042 2227 1137 2303 parte
1150 2216 1242 2302 equi-

136 2315 226 2368 tatus
241 2301 287 2366 Le
312 2302 371 2366 tim
385 2300 556 2389 oppidum,
578 2301 631 2367 oui
651 2313 790 2389 praerat
807 2302 944 2368 Saserna
965 2325 1038 2368 cum
1053 2302 1241 2369 cohortibus

136 2390 254 2464 tribus,
279 2325 481 2478 obpugnare,
503 2411 541 2453 ac
555 2390 588 2454 vi
610 2388 794 2477 inrumpere
807 2391 1001 2456 conabatur:
1026 2389 1115 2477 quod
1128 2389 1171 2456 ab
1185 2389 1240 2456 de·

135 2475 328 2550 sensoribus,
350 2488 490 2628 propter
504 2475 667 2564 egregiam
691 2476 901 2542 munitionem
915 2477 1031 2630 oppidi
1052 2491 1086 2542 et
1101 2489 1242 2546 tormen-

136 2578 248 2631 torum
273 2563 407 2629 multitu
431 2565 526 2638 inem,
552 2563 645 2628 facile
672 2576 707 2628 et
730 2565 797 2628 sine
820 2565 932 2652 pericu
946 2588 967 2630 ο
992 2563 1238 2630 defendebatur.
1318 2636 1321 2643 ,

108 2709 114 2716 .
137 2651 236 2728 Quod
256 2650 315 2715 ubi
338 2651 451 2738 saepius
472 2651 540 2740 ejus
562 2653 729 2740 equitatus
747 2650 853 2737 facere
877 2674 940 2716 non
955 2651 1192 2716 intermittebat
1207 2661 1241 2716 et

136 2761 238 2830 quum
255 2737 342 2806 forte
365 2750 439 2806 ante
463 2749 595 2828 portam
616 2749 724 2804 turma
748 2735 845 2806 densa
860 2737 1050 2812 adstitissem
1071 2739 1240 2826 scorpione

133 2825 316 2895 accuratius
329 2825 437 2900 misso,
458 2838 559 2914 atque
572 2847 686 2894 sorum
701 2823 885 2895 Decurione
899 2847 1060 2914 percusso,
1080 2837 1115 2891 et
1128 2823 1170 2890 ad
1183 2823 1239 2895 ds·

173 3075 291 3130 Admau.
324 3074 387 3140 leg.
406 3089 422 3124 e
439 3073 514 3123 codd.
532 3069 662 3138 vestigiist
748 3075 915 3140 Depupnore.
949 3072 990 3123 Sic
1008 3073 1083 3126 codd.
1094 3069 1178 3137 probi.
1207 3069 1240 3122 ν’.

138 3142 183 3200 Et,
195 3143 369 3206 messapiam
378 3141 482 3191 adortus
490 3147 563 3198 esset,
577 3141 664 3203 murres
712 3137 768 3187 lnd.
803 3137 888 3206 Vulgo
897 3155 1026 3204 pugnare.

136 3209 299 3258 -duoeas's
334 3203 664 3270 Sedqrmmnecu'cdees's-
748 3205 869 3254 Sosemo.
901 3203 1010 3254 Cs.c.9.
1029 3205 1066 3253 Μ.

136 3277 206 3324 teret.
217 3273 257 3322 Μ.
287 3269 509 3328 Emendatiouesu,
525 3267 592 3317 Oud.
604 3283 663 3332 pro-
748 3272 814 3320 Cum
825 3271 973 3320 coa-aibas.
1000 3269 1080 3335 Supra
1091 3283 1148 3334 cap.
1157 3271 1183 3317 9.
1195 3283 1239 3318 sex

135 3336 233 3397 batarm
249 3335 345 3402 recepi.
377 3336 483 3386 rueme
501 3331 663 3383 inormibus
709 3333 834 3384 'habuisse
851 3343 969 3395 narratur,
986 3335 1029 3384 sed
1047 3341 1238 3400 tsuspctuarea

137 3403 214 3454 codd.
229 3410 256 3455 et
270 3399 500 3464 edd.vet.legimr.
536 3401 664 3460 Disseruit
713 3401 811 3449 Casare
829 3399 883 3449 alio
896 3400 1088 3450 esseabductae.
1120 3397 1237 3450 Ceterunl

135 3465 543 3534 adq-madeainlaeidd.
577 3462 662 3528 Vulgo
711 3465 1047 3548 quidamhabentqumtuor.
1230 3527 1234 3536 ι

137 3531 352 3598 legituradortas,
367 3529 663 3596 paam-decessum,
748 3531 883 3595 litquum.
916 3537 946 3578 'ro
956 3539 979 3580 et
990 3529 1073 3596 rejicit
1083 3529 1204 3582 Jurinius.

138 3607 278 3650 aecem
288 3599 422 3648 denotem.
749 3597 890 3660 Scorpione.
902 3595 933 3643 de
944 3595 974 3644 n.
985 3597 1016 3644 G.
1028 3599 1103 3654 ms.
1115 3597 1153 3645 M.
1171 3595 1237 3646 lleic

176 3665 243 3715 itta
266 3661 350 3730 Vulgo
366 3663 425 3712 Titi.
454 3661 663 3726 Sedmoxmojor
712 3673 764 3710 non
783 3668 821 3709 est
838 3660 965 3720 machina,
982 3661 1025 3710 sed
1042 3661 1120 3710 telum
1133 3662 1236 3712 esuris-

140 3729 229 3782 Tuae.
712 3739 778 3774 sum.
808 3725 849 3774 Ci.
861 3727 964 3774 Gesner.
975 3725 1000 3775 in
1012 3725 1173 3776 ineunt...

171 3795 297 3846 Salienus.
329 3791 458 3844 Ctesi.
474 3793 513 3842 M.
747 3791 786 3839 »td
804 3791 979 3841 mmmmm.
1007 3791 1073 3841 Cum
1091 3791 1115 3840 in
1130 3790 1237 3856 quibus-

171 3861 206 3910 Et
216 3859 325 3910 sedatos.
335 3881 370 3893 -
379 3865 415 3908 est
423 3873 491 3909 usar.
520 3855 661 3916 Deleudum
712 3855 770 3904 dum
782 3855 856 3904 codd.
868 3856 964 3920 legatur
974 3857 1010 3906 od
1017 3865 1129 3916 terrum
1145 3857 1170 3905 in
1179 3856 1237 3920 plu·

134 3931 160 3976 et
170 3933 244 3989 atque
257 3931 291 3975 est
309 3923 335 3973 in
348 3924 396 3972 boc
408 3931 543 3981 commate,
560 3931 663 3986 propter
711 3919 783 3970 ribus
797 3935 857 3969 vero
873 3923 905 3972 ub
921 3924 1039 3981 decumo,
1053 3939 1071 3972 a
1086 3921 1238 3982 massana,

136 3991 213 4043 codd.
222 3997 248 4040 et
257 3989 340 4054 ipsam
351 4003 432 4037 serem
445 3987 575 4038 orationis.
593 3988 632 4038 Μ.
711 3985 748 4035 ad
770 3985 910 4046 decumum,
928 3987 959 4038 de
975 3987 1091 4036 dacum
1115 3986 1236 4036 incertam
1255 4035 1257 4040 ,

172 4057 303 4120 luemque.
334 4052 507 4118 Aliis'deoque.
712 4067 767 4100 esse
784 4050 920 4100 lectionem
937 4049 1112 4116 intelligimus.
1142 4051 1236 4102 illive·

171 4122 318 4171 Pecuniam.
352 4119 436 4182 Vulgo
445 4127 468 4169 et
477 4135 531 4183 pec.
712 4116 843 4166 hementer
858 4125 949 4176 errant,
963 4117 1236 4190 quidecumonamin-

172 4187 209 4234 An
227 4188 341 4250 utruque
360 4184 482 4245 Ducibus,
497 4200 528 4234 ea
546 4181 662 4260 partibuq
711 4180 1045 4248 terpretantur,eimplrciter
1059 4183 1236 4248 scuturmquia

136 4251 267 4316 utriusque
295 4249 384 4302 Ducis·
414 4251 538 4302 cianus
577 4247 662 4300 Jurin.
713 4257 785 4298 scuta
799 4261 888 4312 inagna
904 4247 1074 4298 dictaluerint
1088 4247 1236 4298 decumana.

137 4316 210 4367 malit
217 4317 340 4382 portibus
350 4330 401 4366 nou
411 4330 486 4380 opus.
712 4309 794 4370 Quasi
806 4327 874 4372 vero,
889 4312 950 4376 quia
966 4313 1070 4373 fluctus,¹
1081 4328 1194 4378 pomum,
1210 4320 1237 4363 et

219 4397 223 4403 ·
712 4377 1236 4454 aliadicuuturdecumanapropterutag-
