2909 4809
464 294 552 366 ΠΒ.
575 295 638 366 vl.
681 298 785 367 GAP.
814 302 949 368 18-20.
1195 296 1255 372 149

151 466 185 525 ἰι
201 482 278 550 vitae
298 480 452 553 institues
475 481 626 553 nossem
646 488 689 555 as
710 484 843 577 reliquis
862 488 1035 567 ‚differunt
1065 467 1155 579 quod'
1181 486 1256 555 suot

156 582 184 613 ‘⁴
200 571 333 650 liberos,
349 574 408 639 nisi
422 596 524 661 quum
538 573 751 654 adoleverint,
769 588 808 640 ut
827 598 942 642 munus
959 574 1080 643 militiae
1099 576 1257 642 sustinere

155 670 184 699 “
200 659 336 750 possint,
350 659 460 751 palam
472 659 514 725 ad
523 684 556 727 se
567 661 658 727 adire
669 684 734 729 non
746 662 934 751 patiuntur3
957 660 1125 751 filiumque
1137 662 1257 753 puerili

156 756 183 787 “
199 756 296 896 {tate
323 748 357 813 in
383 746 529 837 publico,
554 747 587 814 in
604 760 782 839 bonspeotu
805 751 920 839 patris,
956 749 1123 827 adsistere,
1155 759 1256 839 turpe

156 844 182 874 ‘⁶
225 846 338 899 neunt·
1238 896 1243 905 ,

209 919 258 984 19.
283 930 306 961 “
322 920 406 997 Viri,
418 931 553 1009 quantas
568 922 720 1012 pecunias
735 924 779 989 ab
793 923 948 991 uxoribus
960 924 1045 991 dotis
1063 924 1189 990 nomine
1202 946 1254 991 nc·

157 1018 182 1049 “
198 1021 369 1096 ceperunt,
396 1020 501 1073 tantas
526 1032 567 1073 ex
592 1008 656 1073 suis
669 1009 785 1087 bonis,
814 1011 1020 1077 aestimatione
1050 1010 1147 1089 iacta,
1180 1035 1256 1079 cunr

158 1093 334 1161 “dotibus
354 1094 597 1161 communicant.
621 1155 625 1171 ,
645 1096 753 1190 Hujus
774 1098 874 1164 omnis
895 1100 1039 1187 pecuniae
1059 1099 1257 1187 conjunctim

158 1192 183 1223 ‘⁴
199 1182 285 1248 ratio
296 1184 448 1260 habetur,
461 1182 651 1270 fructusque
664 1196 853 1250 servantur:
871 1199 945 1250 uter
955 1208 1068 1253 eorum
1080 1184 1148 1251 vita
1159 1208 1256 1275 super

158 1280 183 1310 “
200 1270 293 1360 rasit,
320 1271 457 1336 adeum
479 1276 554 1359 pers
574 1272 744 1375 utriusque
766 1296 840 1339 cum
860 1272 1021 1339 fructibus
1050 1272 1256 1361 superiorum

159 1368 385 1445 “temporum
413 1358 573 1446 pervenit.
610 1356 705 1423 ⁴Viri
735 1359 767 1424 in
794 1378 921 1436 uxores,
950 1360 1034 1425 sicut
1060 1360 1093 1423 in
1119 1357 1253 1433 liberos,

158 1454 183 1485 “
199 1442 276 1507 vitae
294 1443 444 1529 necisque
466 1442 587 1508 habent
607 1456 819 1532 potestatem:
853 1458 898 1522 et,
920 1470 1022 1535 quum
1045 1457 1140 1535 pater
1164 1443 1256 1509 fumi-

161 1539 186 1570 “
200 1528 262 1605 liae,
285 1530 469 1595 inlustriore
489 1530 680 1609 loconatus,
698 1531 844 1609 decessit,
866 1534 934 1622 ejus
955 1533 1131 1621 propinqui
1141 1554 1257 1598 conve·

160 1626 185 1656 “
199 1616 294 1682 niunt
308 1628 354 1693 et,
369 1615 410 1682 de
424 1630 528 1683 morte
543 1618 569 1684 si
582 1641 632 1683 res
643 1618 676 1684 in
687 1620 899 1707 suspicionem
920 1620 1021 1695 venit,
1042 1618 1083 1683 de
1099 1618 1258 1686 uxoribus

142 1711 185 1743 “‘
199 1703 233 1767 in
244 1705 394 1768 servilem
413 1704 544 1769 modum
588 1705 772 1772 uaestionem
793 1704 913 1771 habent
935 1718 981 1781 et,
1003 1704 1029 1768 si
1052 1716 1256 1791 compertum

159 1800 185 1828 “
199 1801 260 1865 est,
283 1790 349 1879 igni
370 1800 468 1877 atque
491 1792 577 1855 omni
602 1816 639 1855 us
651 1792 821 1859 tormentis
832 1791 1029 1857 excruciatas
1045 1788 1256 1855 interficiunt.

162 1885 187 1914 “
203 1874 334 1941 Funera
353 1888 429 1944 sunt
449 1901 511 1965 pro
531 1878 624 1942 cultu
648 1878 821 1945 Gallorum
841 1877 1009 1966 magnifica
1023 1887 1257 1953 etsumtuoss;

161 1972 187 2001 “
201 1962 384 2051 omniaque,
413 1986 487 2051 quse
506 1964 588 2027 vivis
610 1966 822 2031 eordisfuisse
849 1964 1064 2039 arbitrantur,
1091 1962 1124 2028 in
1148 1963 1257 2051 ignem

161 2058 187 2087 “
201 2048 358 2125 inierunt,
381 2048 477 2113 etiam
490 2049 656 2113 animalia:
688 2072 726 2112 sc
763 2050 852 2115 aullo
864 2072 963 2136 supra
975 2050 1055 2114 hanc
1069 2048 1257 2115 memoriam

97 2134 104 2147 '
162 2134 286 2199 “servi
306 2146 340 2199 et
360 2134 503 2211 clientes,
526 2134 663 2222 quosab
676 2134 714 2198 iis
757 2136 936 2201 lectosesse
956 2134 1136 2211 constabat,
1161 2133 1272 2223 justis.

161 2230 186 2261 “
201 2221 370 2286 funeribus
382 2219 547 2296 confectis,
560 2242 624 2284 una
636 2221 874 2286 cremabantur.

205 2308 259 2371 20.
284 2318 307 2348 ‘⁶
324 2308 406 2381 Quae
427 2307 572 2371 civitates
595 2308 790 2373 commodius
811 2330 901 2373 suam
921 2331 989 2373 rem
1015 2307 1180 2397 publicam
1200 2304 1258 2389 ad-

161 2393 383 2460 “ministrare
407 2393 642 2469 existimantur,
666 2392 789 2461 babent
803 2394 930 2482 legibus
955 2406 1111 2470 sunctum,
1139 2394 1259 2483 siquis

161 2493 185 2523 ‘⁶
202 2479 284 2568 qnid
298 2479 340 2544 de
354 2504 390 2545 re
404 2479 537 2580 publica
548 2504 570 2543 a
589 2480 743 2546 finitumis
770 2504 899 2546 rumore
920 2503 957 2545 sc
979 2481 1063 2545 fama
1082 2481 1258 2570 acceperit,
1316 2508 1319 2519 ·

160 2580 184 2609 ‘⁶
201 2568 251 2632 uti
276 2566 316 2633 ad
330 2574 555 2659 magistratum
579 2567 717 2644 deierat,
740 2590 820 2633 neve
835 2590 910 2653 cum
924 2590 990 2653 quo
1004 2566 1069 2631 alio
1084 2566 1258 2634 communi-

162 2666 185 2732 ’ξ
202 2670 273 2719 cet:
298 2653 386 2754 quod
400 2677 482 2741 saepc
503 2650 645 2719 homines
672 2654 860 2719 temerarios
881 2666 980 2740 atque
994 2652 1157 2745 inperitos
1172 2653 1258 2718 falsis

161 2754 186 2783 ‘⁶
201 2740 389 2807 rumoribus
402 2740 520 2805 terreri
546 2752 581 2804 et
594 2740 636 2805 ad
650 2740 772 2805 facinus
787 2739 898 2829 inpelli
911 2751 946 2804 et
959 2739 999 2804 de
1014 2738 1142 2805 summis
1158 2738 1257 2805 rebus

76 2820 83 2831 ⁴
160 2840 185 2869 ‘⁴
202 2827 368 2892 consilinm
394 2848 509 2913 capere
536 2827 702 2915 cognitum
731 2838 790 2891 est.
815 2850 817 2858 ι
839 2826 1062 2928 Magistratus,
1085 2848 1159 2913 quoe
1187 2826 1257 2891 viss

160 2924 184 2957 ⁸⁴
200 2924 290 2989 sunt,
319 2910 507 2988 occultsnt;
530 2936 667 3001 quaeque
688 2938 755 2979 esse
777 2936 817 2979 ex
832 2936 892 2979 usu
903 2912 1131 3002 judicaverint,
1145 2912 1257 2979 multi·

160 3092 245 3157 spatis
254 3095 426 3146 numerarunt,
434 3095 461 3136 et
479 3095 507 3137 nt
517 3086 580 3137 olim
595 3088 685 3150 ηχθῆ·
733 3096 777 3137 aut
792 3092 865 3151 judo
878 3088 1013 3152 funebrem
1030 3089 1097 3137 unde
1111 3088 1152 3137 vel
1167 3088 1254 3151 sarm

159 3153 452 3225 peges(noxpriore,dies
462 3152 602 3217 posteriore
613 3153 685 3214 loco)
726 3158 808 3216 justa,
826 3154 865 3201 vel
876 3154 962 3213 sonere
974 3159 1048 3215 ¹justa
1063 3152 1193 3215 faenebris.
1216 3152 1256 3203 M.

159 3222 259 3271 dictum
268 3228 315 3269 est.
337 3221 376 3268 Μ.
735 3219 845 3282 Scaliger
855 3234 888 3266 ex
902 3217 984 3281 Lipsii
996 3225 1022 3265 et
1032 3215 1117 3266 Ursini
1132 3216 1256 3265 sententis

196 3284 536 3346 samosatpouoseor.
735 3284 995 3347 recepitsunebn'bru.
1028 3282 1170 3331 Romami
1181 3281 1256 3345 fune·

196 3350 479 3413 ritumque-danem.
517 3348 580 3395 Herc
606 3348 685 3396 verbs
735 3350 804 3397 ribus
821 3364 867 3412 pro
879 3348 962 3411 glossa
974 3344 1067 3407 hnbet;
1083 3346 1255 3397 contradendi

163 3432 212 3482 pro
222 3418 373 3479 glossemate
382 3414 461 3461 hebet
470 3414 492 3461 1.
503 3411 534 3460 C.
545 3414 579 3461 H.
598 3420 623 3460 et
631 3428 682 3487 pro
734 3428 792 3462 casu
804 3412 828 3460 id
841 3410 950 3475 positum
968 3410 1023 3459 vult
1038 3411 1160 3471 Hausius,
1176 3418 1204 3461 ut
1213 3426 1257 3475 sp.

162 3481 246 3531 otiosa
256 3479 421 3543 repetitione.
736 3478 802 3535 Plio,
817 3478 842 3526 li
849 3482 890 3536 ,9.
900 3482 973 3539 jueta
985 3474 1072 3538 suncti
1082 3478 1195 3527 reddere.
1212 3476 1257 3527 sed

196 3547 296 3597 Puer-sti
312 3552 392 3593 etam
434 3540 518 3606 Vulgo
542 3545 571 3590 iss
595 3545 688 3604 maile·
735 3542 1169 3604 ibicodd.5'ustasuaorn.ouoetvul
1204 3548 1259 3591 tuns
1328 3598 1332 3603 ¹

160 3620 244 3670 ante,
262 3609 347 3659 minus
362 3606 487 3657 concinne
503 3606 539 3655 ob
563 3606 686 3670 preposi-
736 3608 858 3657 innostro
870 3606 926 3654 loco
938 3604 1037 3653 defendi
1049 3605 1139 3669 possit.
1204 3612 1259 3655 ntrn

160 3678 258 3725 tionem
271 3682 426 3737 sequentem.
736 3672 804 3736 apud
815 3670 869 3719 Cio.
882 3686 926 3734 pro
938 3672 964 3719 S.
977 3670 1070 3719 Roscio
1081 3686 1105 3717 c.
1117 3675 1141 3719 8.
1152 3678 1258 3733 putem

197 3742 278 3790 Pater
290 3740 405 3802 fumida.
438 3737 480 3786 stc
499 3736 574 3785 codd.
606 3735 647 3784 ct.
660 3738 685 3793 l,
727 3737 818 3800 fusuri
829 3738 1015 3799 jaetantem,
1042 3735 1100 3783 Non
1118 3733 1258 3783 ierisimile

162 3810 204 3856 50.
225 3807 264 3853 Μ.
514 3824 518 3831 ·
583 3823 586 3831 ·
737 3798 1085 3851 videturl.C.H.Caesnrem
1096 3799 1260 3862 srsrserndirs

198 3872 249 3920 Pro
259 3870 330 3918 cultu
343 3870 482 3919 Galim.
499 3866 539 3916 Sic
548 3863 686 3915 etAirnoi-
736 3873 763 3914 et
775 3866 881 3915 barbara
891 3864 985 3913 dixisse
988 3868 1069 3926 justa,
1077 3872 1198 3927 putatque
1210 3866 1260 3915 ists

162 3950 220 3984 nna.
234 3934 280 3982 elii
293 3950 340 3997 pro
352 3940 436 3997 coms.
460 3940 488 3981 nt
503 3946 579 3994 snprs
590 3932 686 3989 «t,8.ut
736 3931 829 3981 verbe:
846 3932 923 3979 mam
931 3930 1260 3981 ammata-omum

161 4009 198 4050 est
208 4008 298 4062 coprus
310 4000 450 4048 Gallorum.
738 4010 792 4045 esse
803 3992 948 4059 glossatoris
959 4000 985 4041 et
995 3993 1156 4057 potissimum
1166 3993 1258 4045 dictio·

196 4066 274 4114 lusus
290 4064 430 4125 sumtibus.
471 4066 522 4111 Ant
548 4061 685 4110 tollendum
737 4076 795 4109 nem
811 4062 977 4123 supratacto
996 4063 1145 4109 messoriam
1164 4060 1258 4125 pingue

162 4137 203 4179 est
207 4128 350 4189 funibus,
364 4134 409 4175 snt
424 4128 570 4175 mutandum
580 4125 606 4174 in
612 4126 688 4188 sum-
737 4124 856 4189 quiddam
868 4132 894 4171 et
905 4122 989 4171 minus
1000 4124 1088 4173 tritum
1101 4122 1207 4188 spirare.

165 4195 260 4251 num,
282 4201 310 4240 ut
324 4192 423 4241 monuit
440 4192 569 4240 Oudend:
586 4205 643 4239 mm
654 4204 686 4237 ea
773 4190 907 4253 lupos-llos.
916 4189 951 4237 al.
961 4190 1091 4253 mpeditos.
1106 4188 1124 4237 i.
1134 4205 1158 4237 e.
1168 4188 1259 4239 obne-

164 4257 364 4319 solemnia,qnae
376 4256 400 4305 in
411 4258 537 4306 tancrede
547 4271 617 4305 more
624 4254 688 4302 civi·
737 4254 809 4318 gotia
821 4268 871 4302 non
889 4255 1050 4303 adtendentes
1066 4255 1099 4303 sd
1117 4269 1260 4331 rumoremj

165 4324 226 4372 tntis
247 4321 370 4382 obtinent,
392 4325 444 4369 m·
465 4323 542 4385 ῑξιχὶι
572 4321 689 4369 dicuntur
739 4320 858 4369 sedbene
871 4318 947 4371 hebet
958 4320 1096 4387 vulgatum.

158 4394 244 4454 jusso,
264 4387 313 4447 (id,
341 4388 409 4453 qmd
435 4395 537 4438 mortuo
555 4385 689 4446 debemud
