2909 4809
224 239 298 306 nto
509 240 512 253 '
572 235 812 306 nnuntno
835 233 995 305 CIVILL

231 425 407 498 armam
417 422 525 516 justit,
537 425 725 516 Regemque
737 426 885 494 hortatus
896 437 956 503 eet,
970 435 1009 490 ut
1019 445 1060 490 ex
1070 421 1132 490 ania
1143 418 1352 522 necessariis,

229 537 311 604 quoa
324 512 458 580 haberet
471 515 616 580 maximae
629 515 845 590 auctoritatis,
868 514 992 601 legatos
1006 511 1050 578 ud
1066 509 1216 576 Achillan
1229 520 1349 610 mitte:

231 610 352 678 rotet,
401 603 456 668 uid
479 615 560 668 eaaet
581 625 647 668 auae
661 602 850 677 voluntatis,
874 599 1068 668 ostenderet.
1114 600 1227 685 Aquo
1251 619 1349 660 mrem

151 727 156 736 ,
232 688 351 756 Diosco
371 691 377 704 '
401 713 436 755 ea
448 701 484 754 et
499 689 670 779 Serapion,
684 690 742 775 qui
756 690 852 755 ambo
867 688 968 778 legati
982 687 1093 752 Romae
1107 685 1236 750 fuerant
1247 705 1347 771 mag-

230 797 369 862 namque
394 777 486 864 apud
508 787 635 864 patrem
660 776 871 842 Ptolemaeum
894 775 1124 840 auctoritatem
1142 771 1345 845 habuerant,

227 861 272 930 ad
289 861 437 930 Achillan
459 874 686 951 pervenerunt
733 863 823 938 Quos
849 861 916 938 ille,
942 884 1043 950 quum
1070 860 1103 926 in
1126 869 1342 960 conspectum

227 948 298 1036 ejna
311 950 480 1027 veniaaent,
496 950 597 1039 priua,
613 973 712 1038 quam
724 949 866 1026 audiret,
880 961 951 1028 aut,
966 948 1057 1036 cujus
1069 947 1117 1013 rei
1128 969 1238 1012 cauma
1249 967 1343 1008 mam

229 1049 345 1114 mut,
365 1051 581 1125 cognosceret,
601 1037 727 1125 conripi
746 1060 783 1102 ac
804 1035 941 1104 interfici
961 1035 1071 1124 juuit:
1096 1055 1235 1122 quorum
1250 1030 1343 1097 alter

230 1135 367 1211 accepto
377 1124 514 1190 vulnere
527 1137 716 1214 occupatus,
733 1148 792 1214 per
806 1147 878 1190 euoa
891 1147 953 1212 pro
963 1123 1066 1188 occiso
1079 1121 1240 1195 sublatus,
1251 1117 1343 1183 alter

229 1209 421 1278 interfectus
434 1227 494 1277 eat.
540 1213 617 1287 Quo
632 1211 732 1287 facto,
750 1211 876 1300 Regem
890 1221 929 1276 ut
947 1210 979 1276 in
993 1231 1051 1274 aua
1065 1219 1226 1298 potestate
1241 1204 1343 1271 lrabe-

228 1308 292 1362 ret.
339 1297 446 1364 Cam
465 1299 585 1374 effecit,
608 1321 822 1399 magnamque
846 1297 987 1386 Regium
1009 1319 1124 1361 nomen
1149 1292 1238 1384 apud
1261 1315 1340 1357 euna

227 1383 457 1452 auctoritatem
479 1384 599 1452 babere
624 1384 817 1460 existimans,
841 1397 876 1449 et
902 1397 940 1448 ut
967 1383 1076 1472 potius
1104 1381 1234 1472 privato
1255 1402 1340 1532 Hau·

229 1493 343 1622 colpum
361 1482 401 1535 et
416 1472 592 1550 latronum,
612 1495 713 1560 quam
727 1471 834 1560 Regio
848 1471 991 1547 consilio,
1013 1481 1197 1559 susceptum
1211 1467 1254 1532 be
1283 1487 1339 1530 um

230 1557 263 1623 ν’
286 1569 407 1623 eretur.
1308 1629 1315 1641 ⁸

276 1644 348 1708 110.
371 1645 477 1711 Erant
495 1669 570 1713 cum
585 1644 715 1712 Achilla
737 1645 850 1733 copiae,
875 1655 914 1710 ut
936 1665 1039 1732 neque
1061 1665 1208 1720 numero,
1231 1662 1337 1728 neque

229 1731 539 1819 generebominum,
562 1753 668 1834 neque
687 1756 748 1798 usu
770 1733 818 1798 rei
833 1731 981 1797 militaris
994 1728 1233 1798 contemnendae
1248 1726 1336 1794 vide·

229 1828 358 1885 rentur:
372 1818 472 1885 -milia
485 1820 570 1886 enim
585 1819 703 1908 viginti
719 1819 863 1884 inermia
877 1817 1029 1884 habebat.
1070 1816 1132 1884 Hae
1143 1813 1335 1882 constabant

230 1927 271 1970 ex
296 1904 485 1972 Gabinianis
506 1906 674 1983 militibus,
696 1905 756 1996 qui
774 1906 840 1994 jam
862 1905 895 1972 in
915 1903 1178 1974 consuetudinem
1195 1902 1336 1968 Alexan-

228 1991 341 2060 driana
362 1991 439 2058 vitoe
460 2015 498 2058 ac
521 1992 659 2060 licentia
681 2006 850 2070 venerant,
877 2005 911 2058 et
933 2015 1048 2058 nomen
1069 1990 1335 2080 disciplinamque

230 2077 350 2167 Populi
365 2077 503 2145 Romani
522 2079 745 2146 dedidicerant
769 2103 950 2168 uxoresque
964 2078 1137 2155 duxerant,
1162 2075 1334 2164 exquibus

253 2165 377 2252 letique
391 2165 511 2232 liberoa
523 2165 696 2234 habebant.
743 2167 821 2233 Huc
835 2165 1030 2234 accedebant
1044 2165 1181 2232 conlecti
1198 2187 1238 2230 ex
1253 2185 1333 2251 prae·

227 2188 366 2318 donibus
388 2251 633 2342 latronibusque
658 2256 682 2318 S
706 2254 762 2319 riae
780 2253 964 2342 Ciliciaeque
986 2254 1159 2342 provinciae
1172 2249 1332 2316 finituma·

228 2361 366 2425 rumque
386 2339 565 2427 regionum.
616 2278 719 2406 Mulli
734 2353 892 2430 praeterea
907 2341 1022 2430 capitia
1041 2339 1182 2406 damnati
1197 2337 1332 2403 exsulea-

213 2447 293 2512 ,que
317 2437 547 2492 convenerant:
580 2426 796 2516 fugitivisque
822 2428 970 2495 omnibus
996 2427 1112 2494 nostris
1132 2438 1239 2492 certus
1263 2433 1332 2488 erat

227 2509 431 2578 Alexandr-ie
444 2525 596 2602 receptus
611 2527 766 2603 certaque
780 2515 855 2583 vitae
869 2514 1025 2591 conditio,
1040 2527 1090 2590 ut,
1105 2514 1184 2580 dato
1194 2511 1331 2586 nomine,

228 2597 369 2664 militum
390 2611 495 2666 eeaent
517 2623 666 2672 numero:
698 2625 840 2691 quorum
863 2603 889 2668 ai
912 2603 985 2690 quia
1004 2626 1025 2667 a
1045 2600 1174 2668 domino
1197 2597 1331 2688 prehen-

227 2685 374 2763 deretur,
387 2709 545 2756 coucurau
557 2689 698 2756 militum
710 2689 925 2780 eripiebatur,
940 2691 999 2778 qui
1010 2688 1075 2756 vim
1088 2711 1233 2765 auorum,
1245 2683 1331 2774 quod

266 2876 302 2924 Ia
318 2883 483 2942 conpertam.
515 2877 597 2929 Codd.
617 2886 644 2929 et
664 2878 708 2929 hic
728 2882 757 2930 a'u
841 2881 1024 2946 Mapuamqua.
1046 2878 1329 2945 Deleudumqae,quod

231 2949 369 3004 conspectu.
402 2942 436 2990 V.
446 2945 580 3002 nouadt,
592 2948 631 2993 at.
805 2945 858 3010 jam
877 2946 925 2996 alii
944 2945 1091 2996 omiaerunt.
1109 2947 1148 2995 M.
1181 2945 1329 2996 Juriniuret

267 3005 336 3053 Alter
362 3015 459 3070 Μαρια
487 3010 590 3058 autam
615 3017 757 3074 occupatas,
806 3025 940 3071 maantam.

228 3069 384 3134 perquetaic
397 3071 445 3134 leg.
457 3080 520 3135 puto
532 3078 646 3138 proper)
657 3089 757 3124 auor-
842 3077 974 3140 Etutpot.
1009 3075 1192 3125 Deleudumet.
1204 3077 1243 3124 Μ.
1264 3075 1327 3125 Ond.

230 3135 399 3186 ublutaaeat.
430 3137 497 3211 Ergo
516 3147 648 3212 occupatu
665 3141 758 3188 etsub-
807 3141 1327 3205 pugnatproconjunctione-utnque,quia

232 3199 398 3250 tantamve!
409 3201 543 3265 significat,
557 3203 632 3253 cuiun
643 3203 757 3254 sublatus
809 3205 845 3254 aic
867 3206 924 3256 dun
946 3205 1055 3256 rationes
1076 3205 1258 3269 exprimuntur,
1284 3221 1328 3255 eur

232 3272 279 3323 ert,
288 3280 367 3329 quam
378 3278 465 3330 poam
477 3266 598 3328 interfici3
614 3269 655 3316 vel
666 3270 759 3333 adrep·
808 3270 879 3334 Rege
890 3271 1040 3336 potiundum
1054 3271 1147 3334 putarit
1156 3273 1251 3320 Cesar.

230 3337 308 3377 tonet
324 3346 344 3379 a.
358 3339 403 3380 eat.
437 3330 490 3382 Alii
508 3335 611 3384 vrdaere
624 3343 758 3398 occupmua
842 3339 902 3385 Ha.
937 3335 990 3385 Alii
1004 3337 1042 3386 Ha'
1058 3351 1104 3399 per
1114 3335 1326 3399 synthesinam·

231 3395 414 3457 conjunxerunt
429 3405 464 3456 et,
479 3397 540 3463 quia
556 3398 605 3447 hoc
624 3397 690 3448 nihil
701 3415 757 3448 esee
805 3399 869 3450 nulli
882 3403 954 3452 Hoer.

231 3457 364 3521 videbant,
382 3471 554 3527 correxerunt,
570 3473 599 3512 ut
614 3463 758 3514 Gronovius
843 3467 1091 3517 catanancen.
1116 3465 1192 3518 Cous.
1204 3467 1325 3530 cap-108.

233 3521 299 3573 Oba.
310 3528 335 3585 4,
351 3529 376 3583 8,
393 3525 439 3590 qui
456 3530 547 3590 aopttua
566 3543 614 3592 pro
625 3538 758 3593 occupatura
807 3531 845 3580 Μ.

232 3587 285 3652 legi
301 3590 394 3640 votuit.
428 3591 467 3639 De
483 3607 510 3641 re
525 3593 559 3641 ct.
572 3593 622 3642 Dio
632 3593 703 3643 Cara.
715 3597 757 3655 42,
846 3599 985 3660 (laureaque
1006 3596 1140 3647 duxeruut.
1172 3595 1267 3645 Contra
1281 3594 1326 3645 mi·

234 3657 330 3720 ttaqq.
343 3657 382 3706 M.
414 3655 757 3723 Daviavolebatobaopttua.
805 3659 868 3710 litiae
880 3662 1004 3710 Romanae
1014 3677 1120 3710 morem.
1141 3661 1193 3710 vid.
1210 3661 1282 3725 Lipa.
1294 3661 1324 3710 de

232 3719 510 3785 Gronoviiconjecturae
518 3721 757 3789 plauditCellarius.
806 3727 862 3775 mil.
876 3725 951 3775 Rom.
963 3731 988 3785 5,
1002 3730 1039 3776 ta.

233 3783 350 3834 Juriniua
372 3786 422 3849 legi
439 3785 513 3848 jubet
535 3790 642 3851 occipitia
662 3796 689 3836 et
710 3805 757 3852 pro
840 3792 1050 3842 Preherulcretur.
1079 3789 1150 3840 taio.
1170 3795 1191 3840 1.
1206 3806 1325 3856 premere·

231 3850 757 3918 nutamdatmpaaaoovelmapumaa,
806 3861 858 3904 tur.
882 3855 939 3904 inde
961 3857 1041 3906 Bentl.
1058 3857 1217 3920 plecteretur.
1233 3857 1323 3914 trouu,

230 3913 291 3961 dein
300 3916 421 3966 mbtattat.
805 3921 872 3970 bene
883 3938 910 3970 aa
920 3921 997 3970 lubet
1006 3921 1075 3984 vulg.

267 3979 480 4044 temporanea
487 3983 598 4034 baberet.
614 3984 757 4034 Palmariua
845 3987 1021 4046 Vtmauomar,
1037 3985 1089 4036 vim
1104 3983 1157 4035 auia
1169 3985 1272 4038 illatam.
1288 3985 1320 4035 Μ.

232 4039 260 4091 in
271 4041 359 4105 spicil.
373 4045 399 4094 iu
411 4045 482 4096 Grut.
493 4047 569 4112 lamp.
590 4056 607 4096 t.
620 4054 643 4099 4.
661 4065 688 4114 p.
699 4053 756 4100 866.
806 4051 920 4100 Peaaive.
960 4049 1003 4100 Sic
1025 4059 1051 4102 et
1072 4051 1103 4100 G.
1128 4051 1151 4110 l,
1172 4055 1213 4102 90.
1233 4056 1322 4115 tajtuto

233 4115 306 4156 notat
315 4107 423 4158 inlibris
446 4111 757 4188 uibuadamlegiiusuam
807 4115 959 4180 Retprtbta'ooe
974 4123 1000 4164 et
1016 4132 1041 4164 c.
1053 4119 1092 4168 80.
1108 4117 1207 4178 injuria
1217 4119 1249 4168 P.
1259 4117 1289 4167 R.
1300 4115 1322 4174 7,

230 4179 374 4236 monnau
393 4181 419 4224 et
476 4191 507 4226 nc
525 4177 626 4226 dicendi
647 4179 755 4230 sormam
806 4183 1044 4248 ³8.auuatujura'ut·
1077 4179 1300 4244 ltaatlaimfft.

232 4247 385 4306 propugnat.
417 4239 581 4299 Videaianot·
592 4245 627 4297 ad
636 4244 667 4295 C.
681 4247 704 4306 l,
713 4250 755 4295 25.
