2909 4809
235 271 301 339 520
403 271 446 338 A.
471 267 625 338 HIRTll
648 270 712 340 Dll
734 269 887 339 BELLO
910 267 1167 340 AFRICANO.

240 459 459 550 transportari
471 458 621 548 jusserat,
642 481 709 548 quo
730 469 764 524 et
778 457 869 524 miles
883 469 993 526 noster
1007 457 1210 548 speciemque
1225 469 1263 524 ct
1279 455 1352 521 vir-

239 558 347 614 tutem
372 546 483 613 bestiae
503 559 711 634 cognosceret
734 557 769 611 et
791 547 846 611 cui
911 547 954 612 rti
977 547 1122 636 corporis
1145 545 1214 634 ejus
1237 544 1351 610 telum

238 633 336 700 facile
356 633 444 724 adigi
467 647 593 722 posset;
615 647 814 720 ornatusque
827 655 864 697 ac
892 635 1031 700 oricatus
1055 655 1157 721 quum
1180 643 1263 697 esset
1280 631 1352 696 ele-

239 718 393 810 plrantus,
406 743 480 810 qua
538 743 572 785 rs
589 721 658 824 ejus
677 720 824 810 corporis
838 719 925 784 nuda
938 721 1004 786 siue
1019 722 1160 808 tegmine
1179 719 1351 806 relinque-

218 819 344 884 octar,
358 819 398 873 ut
412 831 452 874 eo
465 819 499 873 te
545 809 801 897 conjicerentun
823 817 990 896 praeterea,
1007 819 1046 872 ut
1049 805 1208 958 cp‘umenta
1224 806 1352 871 bestia·

239 917 314 961 rum
339 893 486 971 odorem,
511 894 696 970 stridorem,
720 894 870 983 speciem,
894 906 1049 960 consuetu
1074 895 1125 960 ine
1147 905 1245 982 capta
1277 915 1348 958 non

239 981 499 1048 reformidarent.
545 982 674 1058 Quibus
696 1005 737 1048 ex
761 983 857 1046 rebus
880 980 1016 1069 largiter
1038 994 1109 1046 erat
1132 993 1351 1054 consecutus3

238 1089 314 1136 nam
326 1081 361 1134 et
375 1068 494 1136 milites
507 1069 625 1135 bestias
648 1067 795 1136 manibus
816 1069 1060 1156 pertractabant
1080 1091 1254 1155 carumque
1278 1079 1351 1132 tar-

238 1153 377 1222 ditatem
397 1157 644 1243 cognoscebant,
677 1155 869 1242 equitesque
888 1155 921 1220 in
936 1179 989 1221 eos
1001 1155 1068 1243 pila
1080 1154 1252 1244 praepilata
1268 1177 1351 1219 con-

235 1242 414 1395 jaidcipbantz
435 1255 536 1330 atque
550 1241 861 1309 inconsuetudinem
876 1265 976 1328 equos
991 1241 1147 1332 patientia
1163 1241 1350 1307 bestiarum

306 1342 433 1395 uxerat.

283 1415 336 1480 73.
361 1415 417 1482 Ob
430 1413 487 1480 has
499 1439 636 1493 caussa,
657 1439 737 1505 quae
749 1439 850 1506 supra
862 1403 1123 1490 commemorari,
1146 1413 1351 1480 sollicitaba-

239 1513 297 1569 tur
326 1503 446 1578 ΟΜ,
476 1503 665 1593 tardiorque
693 1515 728 1568 et
751 1502 979 1569 consideratior
1008 1516 1079 1569 erat
1105 1503 1210 1568 factus
1236 1515 1271 1568 et
1303 1523 1349 1566 ex

166 1597 170 1603 '
239 1589 375 1678 pristina
389 1589 531 1656 bellandi
546 1590 778 1656 consuetudine
791 1589 1020 1678 celeritateque
1034 1601 1222 1656 excesserat.
1271 1589 1350 1654 Nec

237 1676 367 1744 mirum.
413 1676 535 1765 Copias
557 1679 643 1742 enim
666 1676 808 1743 habebat
829 1677 861 1743 in
883 1676 1002 1754 Gallia,
1028 1678 1153 1744 bellare
1173 1689 1349 1742 consuetas

211 1817 217 1834 .
237 1763 316 1830 locis
330 1764 575 1852 campestribus,
591 1776 626 1830 et
645 1776 759 1830 contra
776 1764 902 1840 Gallos,
928 1765 1070 1830 homines
1096 1775 1226 1852 apertos
1249 1761 1349 1830 mini-

236 1853 353 1937 meque
367 1849 615 1938 insidiosos„qui
630 1875 690 1940 per
703 1852 870 1928 virtutem,
886 1875 950 1916 non
989 1875 1026 1917 er
1040 1850 1164 1925 dolum,
1188 1849 1349 1915 dimicare

237 1949 450 2002 consuerunt:
474 1950 546 2003 tum
560 1951 669 2004 sutem
681 1952 753 2005 erat
768 1939 797 2004 ei
812 1939 945 2004 laborm
970 1963 1037 2014 um,
1052 1951 1090 2003 ut
1105 1938 1348 2004 consuefaceret

236 2022 367 2099 milites,
391 2021 531 2090 hostium
554 2025 659 2102 dolos,
684 2026 822 2101 insidias,
836 2024 972 2091 artificia
985 2047 1175 2116 cognoscere
1190 2036 1236 2102 et,
1260 2023 1348 2112 quid

238 2111 343 2196 aequi,
367 2109 448 2199 quid
475 2111 581 2177 vitare
609 2114 805 2178 conveniret.
861 2111 990 2200 ltaque,
1018 2135 1085 2199 quo
1111 2109 1179 2176 haec
1207 2111 1349 2177 celerius

238 2198 459 2285 conciperent,
482 2197 584 2263 dabat
597 2220 743 2288 operam,
767 2211 806 2264 ut
821 2199 961 2288 legiones
975 2201 1084 2265 nonin
1098 2221 1163 2264 uno
1177 2197 1247 2264 loco
1265 2219 1348 2263 con·

238 2283 370 2360 tineret,
394 2282 452 2348 sed
467 2307 527 2372 per
540 2307 682 2350 causam
698 2285 917 2352 frumentandi
943 2286 1006 2351 huc
1027 2299 1124 2375 atque
1140 2285 1216 2350 illuc
1231 2299 1348 2373 rapta·

235 2380 305 2436 ret:
328 2367 403 2434 ideo
426 2369 517 2456 quod
541 2371 681 2437 hostium
707 2373 817 2462 copias
844 2373 887 2438 ab
910 2397 942 2438 se
967 2397 1091 2461 suoque
1118 2373 1252 2458 vestigio
1275 2393 1345 2437 non

237 2453 430 2525 discessurae
443 2456 659 2524 existimabat.
705 2462 817 2548 Atque
833 2473 906 2548 post
920 2459 1006 2526 diem
1020 2461 1153 2524 tertium
1164 2457 1348 2547 productas

237 2541 426 2610 adcuratius
450 2567 522 2610 suas
548 2546 658 2636 copias
682 2547 767 2612 sicut
797 2547 1005 2622 instruxerat,
1035 2558 1173 2636 propter
1202 2544 1347 2612 hostium

239 2642 345 2696 castra
372 2642 631 2723 pretergressus,
671 2657 765 2737 usquo
794 2633 865 2700 loco
894 2635 1011 2700 invitat
1043 2633 1085 2700 ad
1115 2631 1346 2700 dimicandum.

239 2715 417 2817 l'ostquam
430 2743 486 2786 eos
499 2719 675 2788 abhorrere
688 2722 791 2799 videt,
807 2721 932 2788 reducit
945 2723 1008 2789 sub
1021 2741 1191 2812 vesperum
1201 2719 1349 2809 legiones

237 2825 272 2870 tn
285 2817 418 2871 castra·-

244 3038 517 3104 teaeteleplmntosea
530 3040 771 3092 Italicarccssiisse.
819 3039 895 3092 ticam
922 3036 1078 3090 locutionem
1109 3037 1250 3103 elegantem
1281 3051 1347 3100 pre·

245 3103 305 3153 Hoc
326 3119 415 3154 omnes
431 3105 484 3155 fere
504 3105 650 3170 interpretes
665 3120 771 3156 monue-
819 3105 928 3156 nuntiet.

243 3176 309 3218 runt.
343 3171 380 3220 Ι.
412 3170 526 3234 Operam
547 3171 612 3220 ludit
630 3171 772 3232 Goduinm,
855 3171 1003 3232 Praeps'lctc,
1040 3185 1081 3220 son
1103 3169 1208 3233 cuspide
1230 3166 1347 3232 prefixa.

245 3233 291 3298 qai
301 3232 420 3285 vitiosam
432 3235 568 3286 lectionem
578 3246 727 3300 propugnat.
820 3238 863 3286 sed
884 3236 976 3285 obtuso
993 3235 1120 3286 acumine.
1142 3245 1168 3285 et
1186 3235 1264 3284 instar
1281 3231 1348 3296 pib

281 3301 357 3364 Adtpr‘
376 3308 464 3364 posset.
502 3301 545 3350 Sic
564 3301 629 3351 bene
649 3302 723 3351 codd.
744 3309 771 3350 et
820 3302 936 3351 rotundo.
959 3300 1230 3368 LipsiiPoliorc.4,t.
1250 3300 1346 3349 cette.

247 3365 366 3415 eddret.
388 3365 634 3430 MaleSeal.odjs'ca'.
820 3369 944 3417 Eosensu
952 3363 1345 3432 praepruatadicitmosutamv.

282 3433 342 3479 dtas
357 3435 474 3494 spatae.
486 3453 489 3459 ·
503 3429 611 3482 Videtur
625 3430 771 3496 interpreta-
821 3435 863 3492 26,
881 3435 921 3482 51,
940 3433 1056 3484 ertantur
1073 3434 1220 3496 propium
1238 3428 1306 3479 Plin.
1320 3432 1347 3488 8,

245 3498 368 3544 mentum.
386 3497 423 3545 Μ.
821 3501 845 3547 6.
870 3495 1346 3560 ldem9‚au(51)meuphcricsoer-

283 3562 431 3625 Capacem.
448 3561 475 3611 Si
485 3561 613 3626 elephanti
623 3561 691 3625 capti
703 3569 772 3610 erant
818 3577 874 3613 aua
893 3565 1047 3613 locustarum
1075 3565 1212 3628 proeps'Iatc
1232 3559 1298 3610 dic-it
1320 3565 1347 3607 et

247 3641 265 3675 a
275 3625 384 3686 Cure,
400 3643 445 3676 cur
462 3643 494 3676 ex
512 3629 586 3677 ltalia
602 3627 773 3690 transportat?
820 3625 1065 3688 Quinct.s,1a,1t.
1080 3627 1345 3689 decumanorum·

247 3691 310 3758 Iaeg.
338 3707 354 3740 e
386 3693 444 3741 cod.
475 3693 584 3754 Davisii,
610 3699 702 3757 copto:
734 3691 772 3740 sic
816 3691 1123 3758 pltatcsexercitiigratia
1139 3691 1276 3742 institutas.

198 3758 202 3768 “
247 3758 581 3825 jumenudicunturcapta
598 3772 771 3807 esseconrue·
854 3759 983 3808 Petuaria
994 3759 1205 3818 resumendum
1216 3763 1346 3822 coguntur

249 3824 347 3886 tudine,
365 3823 597 3873 nerelcrmidarent
608 3822 714 3872 bestias.
734 3823 771 3870 Μ.
820 3822 879 3888 equi
898 3823 995 3886 perpeti
1017 3823 1126 3873 indolem
1141 3823 1287 3880 bestiarum,
1298 3823 1346 3871 ad-

252 3891 322 3938 Bene
334 3891 370 3941 ric
382 3889 471 3938 Morus
481 3897 506 3937 et
517 3890 599 3938 Bentl.
616 3887 685 3937 Male
696 3895 772 3952 copta
820 3888 946 3937 ducuntur
968 3887 993 3937 in
1015 3889 1223 3939 cousuetudinem
1245 3903 1345 3936 earum.

250 3955 361 4005 referunt
372 3953 418 4003 alii
428 3955 462 4003 ad
473 3955 657 4004 consaetrsdr'ae.
822 3953 859 4002 Μ.
877 3955 903 4002 ln
915 3955 989 4004 codd.
1000 3955 1076 4004 variis
1086 3963 1111 4004 ct
1123 3955 1180 4004 edd.
1192 3963 1241 4002 vet.
1249 3952 1346 4016 legitur

285 4019 401 4084 Lorpr'ter
411 4025 622 4070 acconensem.
642 4017 773 4068 Velintel-
821 4022 934 4082 atquem
945 4035 1010 4068 eoas.
1027 4037 1103 4084 sqetcr
1123 4023 1237 4084 ipsorum
1255 4020 1347 4068 cedia·

249 4082 266 4132 li
285 4090 349 4144 etur,
366 4085 409 4132 rel
420 4085 534 4142 addetur,
553 4085 621 4150 qaod
633 4093 772 4148 optaverat.
820 4099 879 4132 rum
890 4083 950 4132 odd.
961 4099 1034 4134 sensu
1047 4087 1085 4134 vel
1097 4083 1134 4134 sic
1145 4085 1205 4134 satis
1213 4093 1285 4148 apto.

279 4147 496 4199 onaitCellarius.
514 4150 552 4199 Μ.
585 4149 650 4200 Scal.
663 4149 772 4198 delenda
856 4149 912 4199 Non
917 4151 1064 4212 porciolam.
1082 4149 1180 4200 Multos
1188 4147 1347 4200 tamenGal-

246 4222 320 4277 putet
334 4215 400 4273 hnc,
420 4215 510 4280 qrdbas
525 4215 647 4264 essebur.
681 4212 770 4264 Davis.
820 4213 901 4264 lorum
913 4213 988 4263 dolos
999 4215 1054 4281 ipse
1075 4213 1345 4268 Cesarinsuiacom·

246 4277 572 4345 mlitqrdeautaemtsa.
592 4277 685 4329 clerks
695 4278 772 4344 ellip-
819 4277 951 4330 mentanis
962 4279 1104 4350 descripsit.
1122 4283 1159 4336 Μ.
