2909 4809
492 245 867 378 'nnnonnnrn
1027 263 1034 278 ’
1158 306 1219 380 581
1331 257 1337 270 ’

27 473 30 478 ’
173 482 213 548 0.
229 482 337 550 caer
358 483 448 572 apud
471 485 587 554 milites
608 487 652 552 de
674 491 694 531 ¹
720 486 923 556 incommodis
942 507 1072 554 eorum:
1097 492 1215 574 “Non

128 579 152 610 ‘⁴
166 568 331 637 frustrabo
346 593 413 648 vos,
427 572 674 643 milites.”-·Rc
686 573 889 678 Diomedsitll.
909 574 935 640 l.
951 575 1009 640 col.
1024 576 1097 646 395.
1151 638 1157 650 ,

299 755 359 822 nx
381 755 518 824 onor.
544 759 805 828 reconem
830 719 1086 830 senatres
1156 861 1158 866 Α

127 916 206 981 Nnc
228 915 313 983 forte
358 891 504 1007 uinquam
526 933 584 987 aut
619 922 751 988 Caesaris
770 945 831 1010 pro
852 921 954 988 Decio
979 924 1134 1004 Samnite,
1158 935 1218 994 ant

129 1001 226 1068 Bruti
245 1028 306 1092 pro
330 941 486 1072 lleiotmo
500 1005 604 1100 Rege,
623 1023 811 1098 ceterosque
834 1009 997 1098 cujusdam
1015 1011 1215 1082 lentitudinis

125 1091 312 1242 αο2ῑ1εροτίο
336 1091 435 1196 libros
458 1093 549 1183 legit,
571 1097 734 1162 etc-Ec
758 1096 897 1163 Auctore
911 1093 1002 1162 Dtat
1024 1098 1065 1164 de
1087 1099 1213 1168 Orator.

127 1196 157 1241 ρ,
219 1225 227 1240 ,
364 1198 366 1203 ·
556 1231 559 1235 ,

375 1363 435 1429 EX
458 1363 595 1431 ORAT.
621 1363 713 1432 PRO
738 1367 962 1437 SEXTILIO.

128 1509 207 1599 Quo
232 1509 314 1576 enim
327 1512 448 1588 nimbo,
472 1535 538 1600 qua
559 1513 702 1600 procella
726 1516 913 1592 verborum,
935 1514 1058 1606 inpium
1087 1518 1215 1585 Sextilii

127 1607 230 1684 caput
240 1597 336 1662 obrui
348 1606 513 1664 meraturl
531 1601 621 1686 quod
634 1601 675 1665 C.
688 1602 854 1678 Caesarem,
869 1626 889 1666 a
899 1626 966 1690 quo
976 1627 1050 1668 cum
1061 1606 1216 1682 studiose,

129 1692 201 1748 tum
212 1683 313 1751 etiam*
327 1685 473 1766 feliciter,
490 1686 666 1774 gravissimi
680 1687 820 1754 criminis
839 1712 913 1754 reus
927 1689 1076 1758 defensus
1095 1692 1213 1770 fuerat,

127 1771 288 1841 etc-Ec
310 1771 338 1835 V
337 1772 379 1838 ol.
395 1771 490 1837 Mac.
505 1773 539 1855 5,
552 1774 585 1849 3,
599 1775 630 1839 3.

347 1956 408 2022 nx
431 1956 568 2064 onor.
592 1957 655 2025 nn
678 1937 988 2030 coutnsnrrs.

130 2107 305 2175 carossa
322 2147 326 2156 ·
344 2107 502 2196 primum·
524 2109 713 2176 sententiam
750 2121 846 2198 putat
873 2110 919 2176 'de
951 2110 1217 2182 animadversione

128 2192 255 2269 dixisse,
268 2217 365 2281 quam
381 2219 488 2261 omnes
501 2209 575 2262 ante
588 2197 739 2260 dixerant
753 2211 871 2284 praeter
882 2197 1055 2264 Caesarcm:
1072 2209 1105 2264 et
1114 2223 1216 2290 quum

127 2279 226 2368 ipsius
242 2280 374 2348 Oaesaris
395 2294 462 2379 tam
480 2299 591 2347 severa
602 2281 716 2380 luerit,
736 2282 793 2432 <lui
809 2295 878 2348 tum
895 2281 1049 2350 Praetorio
1063 2284 1134 2352 loco
1147 2287 1215 2352 dix·

126 2367 203 2442 erit,
218 2369 380 2456 etc-Ec
396 2367 465 2435 th.
480 2371 525 2452 aa
536 2369 635 2436 Atttc.
656 2369 706 2446 12,
722 2369 743 2433 2
768 2417 774 2430 .

171 2539 237 2606 Sed
252 2525 371 2619 Caesar,
387 2541 442 2608 ubi
457 2541 499 2608 ad
514 2566 589 2608 eum
598 2555 788 2632 perventum
800 2555 860 2621 est,
878 2553 1011 2633 rogatus
1028 2544 1218 2612 sententiam

126 2653 147 2694 a
163 2629 314 2704 Consule,
335 2629 551 2696 hu'uscemodi
575 2629 676 2694 verba
700 2631 828 2695 locutus
849 2639 916 2696 est:
944 2641 965 2672 “
984 2631 1102 2696 Omnes
1116 2630 1216 2698 homi·

127 2725 151 2760 “
166 2718 253 2792 nes,’'
266 2727 373 2784 etc.-·
441 2715 573 2780 Sallust.
591 2713 660 2781 Cat.
679 2738 705 2781 c.
722 2717 776 2780 51.

187 2938 202 2980 ⁵
224 2865 265 2980 gl.
275 2868 307 2916 de
323 2865 371 2916 hac
385 2865 501 2918 oratione
510 2873 537 2914 et
546 2865 614 2916 Plut.
629 2864 655 2914 in
664 2865 765 2914 Caesae.
777 2866 802 2913 t.
813 2874 838 2914 et
850 2827 1084 2915 consciscentes
1096 2864 1213 2932 polleret.

203 2967 212 2992 ,
257 2966 263 2979 .

237 3057 309 3126 nn
325 3059 363 3126 c.
387 3055 513 3124 Junu
537 2997 746 3124 cnsnnrs
772 3051 1095 3140 onnrtoutnus

510 3164 818 3258 rosnacum.

127 3320 208 3385 Tuu
226 3318 366 3386 Brutus:
398 3308 567 3383 Orationes
582 3288 790 3467 cuidem‘ejus
811 3311 889 3410 mihi
913 3311 1118 3410 vehementer
1137 3333 1211 3401 pro-

123 3407 256 3483 bantur,
271 3405 452 3496 complures
465 3416 573 3469 autem
601 3402 652 3492 egi
665 3399 831 3503 etc-Eo
846 3398 911 3464 tte.
936 3419 974 3465 tn
982 3398 1099 3478 Bruto,
1115 3420 1142 3465 c.
1154 3398 1207 3468 75.

63 3650 65 3653 ,
168 3579 339 3645 Orationes
349 3577 392 3644 ali
416 3601 472 3644 uas
485 3574 628 3662 reliquit,
638 3575 722 3640 inter
730 3583 935 3660 quastemere
944 3569 1090 3657 quadarn
1102 3571 1211 3637 ferun·

123 3679 191 3744 tur,
215 3678 253 3730 ut
272 3687 337 3753 pro
353 3665 391 3740 Q.
444 3664 548 3741 atelle,
571 3685 670 3750 quam
684 3683 748 3726 non
762 3657 909 3724 inmerito
924 3657 1092 3745 Augustus
1105 3659 1211 3724 existi·

123 3765 193 3821 mat
210 3753 312 3841 magis
322 3749 365 3818 ab
377 3750 529 3816 actuariis
539 3759 722 3837 exceptam,
737 3746 818 3812 male
832 3743 1099 3831 subsequentibus
1109 3745 1211 3810 verba

122 3838 270 3915 dicentis,
284 3861 381 3928 quam
395 3839 439 3903 ab
453 3839 523 3926 ipso
541 3835 671 3900 editam.
687 3856 762 3899 nam
784 3833 816 3898 in
836 3829 1027 3917 quibusdam
1049 3831 1209 3919 exempla-

78 3965 86 3979 ·
123 3925 215 3992 ribus
229 3925 356 3991 invento
369 3947 410 3989 ne
430 3923 616 4012 inscriptam
637 3921 768 4008 quidem
787 3939 849 4004 pro
871 3915 1016 3995 MetellO,
1031 3916 1086 3981 sed
1176 3939 1209 3988 m
1318 3919 1329 3938 ⁰

123 4012 254 4099 scripsit
266 4011 415 4091 Metello,
428 4035 531 4098 quum
545 4033 585 4074 ex
596 4029 733 4096 persona
752 4004 885 4071 Caesaris
899 4025 1000 4068 sermo
1014 4003 1068 4104 sit,
1125 4005 1209 4105 'etel-

122 4099 191 4167 lum
204 4123 303 4196 seque
314 4099 465 4168 adversus
478 4095 694 4165 communium
706 4093 962 4160 obtrectatorum
976 4102 1210 4162 eructuationes
1301 4097 1307 4114 ¹

528 4258 546 4295 ⁶
562 4260 631 4310 Alios
645 4255 793 4310 commodis.
820 4297 822 4304 Α
846 4285 850 4294 ·
