2909 4809
551 282 855 364 FRAGMENTA.
1185 289 1248 358 597

72 547 76 552 Ι
157 521 162 531 .
203 467 330 543 Quidt.
350 482 516 536 oratorum
539 493 634 560 quem
657 469 731 536 hnic
753 483 924 559 antepones
941 495 1063 552 eorum,
1087 475 1144 563 qni
1166 473 1245 544 nibil

156 551 246 618 aliud
261 563 422 643 egerunt?
444 557 516 646 quis
529 557 689 626 sententiis
698 569 756 624 aut
769 559 906 635 acutior,
917 572 975 626 aut
984 559 1152 632 crebrior?
1196 564 1245 630 nis

156 639 261 704 verbis
289 654 348 707 aut
377 643 531 722 ornatior,
571 656 629 712 aut
653 643 1067 734 eleganticrl-Ec,6¹ic.
1098 649 1142 734 ad
1168 587 1196 718 ὃ

156 723 276 814 Nepet.
290 727 377 795 Suet.
395 749 422 794 c.
440 729 492 796 55.

198 897 263 966 Sed
277 899 357 984 bene
373 901 523 992 loquendi
536 902 578 968 de
593 902 718 970 Catulis
732 902 915 991 opinionon
929 903 1050 974 minor:
1077 906 1142 986 sale
1152 931 1240 992 ,vero

151 998 186 1050 et
200 986 321 1053 facetiis
337 987 444 1055 Caesar
459 989 535 1055 vicit
546 989 759 1056 omnes-Ec
772 987 839 1055 Cic.
853 991 893 1056 da
906 989 994 1079 Offio.
1012 994 1041 1070 1,
1056 993 1109 1060 37.

196 1159 344 1252 Reliquit
357 1176 507 1232 etreram
516 1189 646 1232 suarum
661 1164 912 1232 Commentarios
928 1165 1048 1234 Gallici
1063 1167 1238 1260 Civilieqne

150 1247 229 1314 belli
246 1249 442 1340 Pompeiani.
459 1276 533 1318 nam
547 1250 769 1324 Alexandrini,
787 1251 952 1340 Africique
966 1264 1000 1318 et
1025 1253 1084 1322 His
1150 1256 1240 1325 'ens'u

149 1333 290 1402 incertus
303 1350 418 1403 auctor
431 1350 489 1404 est.
504 1339 560 1405 alii
575 1339 657 1404 euim
676 1337 822 1428 Oppium
838 1349 965 1426 putant,
989 1338 1060 1406 alii.
1101 1341 1237 1410 irtium:

149 1421 208 1507 qni
232 1424 329 1488 etiam
355 1423 473 1490 Gallici
495 1425 574 1491 belli
594 1425 798 1491 novissimum
819 1423 1096 1525 inperfectumque
1118 1427 1237 1496 librum

148 1508 359 1596 subplevcrit.
405 1510 513 1576 Paulo
528 1521 624 1612 port:
648 1510 753 1576 Pollio
776 1508 902 1575 Asinius
923 1533 1036 1599 parum
1051 1511 1236 1601 diligenter,

145 1617 327 1682 parumque
337 1597 462 1684 integra
469 1608 608 1664 veritate
615 1596 806 1684 compositos
819 1607 929 1682 putat3
966 1621 1044 1680 ¹uum
1053 1598 1159 1666 Omar
1168 1603 1237 1691 pls·

145 1694 287 1768 rsqueet
299 1705 370 1768 quae
385 1706 444 1771 per
455 1683 533 1748 alios
543 1696 636 1750 erant
650 1695 752 1772 gesta,
767 1696 888 1748 temere
899 1621 1090 1760 crediderim
1113 1697 1147 1750 et
1161 1711 1235 1775 quae

146 1789 208 1854 per
222 1792 266 1845 se,
274 1769 328 1834 vel
341 1768 498 1846 consulto,
514 1769 678 1837 ueletiam
693 1768 845 1835 memoria
859 1769 976 1856 lapsus,
986 1775 1156 1858 perperam
1167 1774 1233 1840 edi-

146 1854 245 1931 derit,
269 1855 492 1942 existimatque
521 1857 753 1944 rescripturum
777 1866 812 1920 et
835 1866 1054 1924 correcturum
1081 1857 1232 1926 fuisse.-

146 1941 202 2006 Ec
215 1941 441 2008 stannea.
458 1963 485 2007 c.
502 1942 555 2006 56.
685 2028 697 2046 Ι

187 2115 227 2180 O.
245 2136 322 2181 vero
337 2115 442 2180 Caesar
454 2112 481 2178 si
495 2102 622 2178 tantum'
636 2111 707 2178 foro
722 2123 873 2187 vacasset,
889 2132 954 2177 non
966 2111 1048 2177 alius
1061 2133 1102 2178 ex
1115 2109 1232 2180 nostris

140 2213 253 2268 contra
268 2201 455 2267 Ciceronem
468 2201 700 2272 nominaretur;
717 2210 806 2264 tanta
816 2197 848 2262 in
860 2221 899 2262 eo
907 2197 955 2262 vis
966 2209 1025 2274 est,
1037 2197 1072 2263 id
1084 2221 1228 2275 acumen,

140 2311 180 2354 ea
191 2288 371 2362 concitatio,
385 2285 528 2351 utillum
541 2285 651 2350 eodem
664 2285 770 2350 animo
783 2283 908 2360 dixisse,
926 2307 991 2372 quo
1005 2283 1151 2361 bellavit,
1172 2283 1228 2350 ad-

142 2387 274 2462 pareat:
305 2383 439 2438 exornat
459 2384 566 2438 tamen
580 2371 647 2438 hec
661 2371 766 2438 omnia
780 2371 862 2436 mira
875 2369 1036 2448 sermonis,
1049 2371 1139 2460 cujus
1152 2393 1227 2462 pro·

141 2461 214 2548 prie
227 2459 386 2526 studiosus
397 2457 473 2534 fuit,
488 2457 756 2548 elegantia-Ea
772 2456 909 2533 Quintil.
931 2457 980 2535 10,
1001 2458 1030 2534 1,
1049 2456 1119 2524 114.

130 2626 135 2634 ’
184 2631 271 2710 Quid
296 2646 403 2699 tamen
427 2644 569 2706 noceret,
600 2632 666 2696 vim
701 2630 843 2710 Caesaris,
875 2629 1083 2718 asperitatem
1115 2629 1223 2708 Caelii,

135 2721 334 2808 diligentiam
350 2719 512 2795 Pollionis,
520 2717 678 2806 judicium
694 2717 799 2792 Calvi,
821 2716 1012 2805 quibusdam
1031 2716 1065 2784 in
1077 2715 1155 2785 locis
1167 2717 1224 2785 ad·

137 2829 260 2874 sumere
269 2807 381 2872 r-Ec
397 2805 509 2880 Quint.
529 2805 581 2881 10,
596 2805 629 2880 2,
644 2802 697 2868 25.
1143 2811 1147 2820 “

178 2975 265 3041 Hinc
289 2975 356 3041 rim
379 2975 523 3055 cesaris,
546 2973 684 3041 indolem
715 2971 821 3048 Ocelii,
846 2972 1060 3041 subtilitatem
1080 2972 1221 3052 Callidii,

133 3063 327 3153 gravitatem
343 3060 450 3137 Bruti,
464 3083 597 3127 acumen
611 3059 759 3148 Sulpicii,
781 3059 992 3126 acerbitatem
1015 3060 1125 3136 Cassii,
1147 3060 1220 3129 dili·

132 3149 275 3239 gentiam
299 3147 461 3225 Pollionis,
483 3147 675 3235 dignitatem
704 3147 873 3226 Messallae,
900 3145 1102 3214 mnatitatem
1125 3147 1219 3218 Calvi

132 3235 436 3323 reperiemus—Ea
447 3233 559 3308 Quint.
581 3234 632 3309 12,
651 3233 702 3310 10,
720 3233 769 3298 ll.

175 3411 369 3478 Adstrictior
382 3410 514 3487 Calvus,
527 3408 720 3476 numerosior
736 3408 874 3486 Asinius,
888 3408 1083 3498 splendidior
1098 3412 1216 3490 Gaas,

128 3500 268 3564 amarior
291 3496 423 3574 Coelius,
447 3497 576 3587 gravior
603 3496 737 3572 Brutus,
760 3495 972 3564 vehementior
994 3508 1029 3564 et
1044 3497 1216 3588 plenioret

127 3585 288 3651 valentior
303 3585 527 3650 Cicero-Ec
536 3583 681 3670 Dialogo
701 3584 742 3648 dc
757 3583 844 3648 Orat.
861 3603 887 3648 c.
903 3583 958 3649 25.

92 3747 100 3758 ¹
173 3750 302 3826 Λέγεται
316 3749 346 3814 δὲ
359 3748 508 3818 scibilem
527 3747 599 3834 opis
621 3750 724 3822 λόγους
746 3745 911 3812 πολιτικοὺς
927 3752 941 3811 ὅ
957 3746 1075 3835 Καῖσαρ
1096 3746 1211 3836 ἄριστα,

128 3838 183 3902 καὶ·
193 3835 357 3906 διαπονῆσαι
371 3839 585 3919 φιλοτιμότατα
599 3835 653 3900 τὴν
668 3837 760 3916 φύσιν,
790 3837 828 3898 ὣς
841 3835 881 3898 rol
895 3833 1036 3927 δευτερεῖα
1048 3835 1101 3912 μὲι
1116 3835 1212 3924 s'lnpi·

129 3949 188 3988 τας
202 3925 280 4006 ’ἔχειν
293 3921 448 3987 att-Ec
461 3920 551 3987 Plat.
567 3919 604 3983 t'n
619 3917 693 3984 Caea.
710 3939 737 3983 c.
750 3919 782 3983 3.

168 4082 222 4148 »Es
236 4083 265 4147 δὲ
276 4081 382 4156 ‘Polam
396 4081 499 4147 πολλὴ
513 4083 566 4154 μὲν
581 4079 626 4143 ἐπὶ
640 4079 771 4167 τῷλόγῳ
793 4079 859 4166 περὶ
873 4081 927 4146 ruis
940 4083 1104 4170 συνηγορίας
1117 4088 1210 4154 αὐτοῦ

125 4171 213 4259 κάει
230 4167 496 4248 {ittonam-Ec
510 4165 601 4232 Ριιιι.
615 4164 658 4230 it.
673 4187 699 4230 ι.
716 4163 747 4232 4.
