2909 4809
226 267 295 338 404
567 263 632 338 Da
654 263 808 340 BELLO
831 266 990 344 01v1L1.

230 459 319 526 riore
330 473 417 524 anno
429 455 519 546 apud
532 479 608 527 enm
621 461 763 549 primum
778 461 882 550 pilum
903 463 937 529 in
951 462 1080 552 legione
1094 461 1217 529 decima
1232 459 1337 527 duxe-

229 558 296 623 rat,
312 547 363 611 vir
373 545 532 634 singulari
546 546 681 614 virtute.
721 549 800 626 Hic,
814 550 905 650 signo
916 549 1007 627 dato,
1024 563 1047 592 “
1060 549 1237 640 Sequimini
1250 551 1339 624 me,”

229 632 621 808 {llffisskffllffiff
643 635 706 702 mei
728 636 920 790 quidfptistis,
942 651 976 705 et
998 651 1107 791 veptro
1127 636 1175 704 lm
1202 635 1336 739 reteri,

600 771 610 800 ,
634 746 655 787 o
698 747 768 788 ram
849 747 882 790 e:
908 747 1006 791 unum
1052 745 1110 792 oc¹
1138 747 1266 790 roerum
1282 747 1337 788 su-

228 817 254 850 “
269 816 390 896 pereat,
414 830 481 896 quo
495 747 713 885 confectalxdt
737 809 792 875 ille
815 833 906 878 suam
919 749 1137 901 dignitatem?
1145 822 1178 877 et
1192 835 1249 878 nos
1263 831 1337 876 nos-

227 904 254 938 “
268 908 354 960 tram
369 894 554 960 libertatem
575 897 871 985 recuperabimus.’'
915 898 1021 964 Simul
1043 899 1215 988 respiciens
1230 897 1338 962 Cesa-

226 993 253 1027 “
268 1006 350 1058 rem,
374 992 397 1024 ‘⁴
410 981 573 1058 Faciam,”
593 983 711 1071 inquit,
736 994 759 1025 ‘⁶
772 982 879 1062 hodie,
903 984 1098 1075 Imperator,
1121 997 1159 1052 ut
1182 997 1241 1050 aut
1255 984 1336 1052 vivo

226 1081 253 1114 ⁴‘
268 1067 358 1146 mihi,
373 1080 432 1134 aut
447 1081 579 1135 mortuo
593 1072 714 1158 gratias
727 1073 837 1160 agas.'’
881 1073 961 1140 Haec
985 1097 1087 1161 quum
1107 1073 1253 1146 dixisset,
1267 1071 1337 1173 pri·-

225 1179 300 1224 mns
322 1179 362 1221 ex
376 1155 495 1222 dextro
515 1179 618 1222 cornu
643 1158 866 1247 procucurrit,
889 1171 990 1248 atque
1012 1183 1087 1226 eum
1102 1159 1197 1227 electi
1212 1159 1334 1224 mihtes

125 1235 129 1258 '
225 1243 356 1310 circiter
378 1254 510 1346 centum
526 1255 560 1309 et
575 1244 693 1333 viginti
708 1245 897 1314 voluntariis
918 1246 1059 1340 ejusdem
1081 1247 1235 1314 centuria
1254 1257 1334 1312 sunt

253 1341 403 1396 rosecutr.

226 1354 326 1482 P92.
349 1416 442 1486 Inter
463 1415 545 1484 duas
566 1417 650 1486 acies
669 1431 798 1486 tantum
819 1431 891 1486 erat
916 1419 1066 1506 relictum
1081 1421 1188 1512 spatii,
1204 1431 1244 1485 ut
1257 1416 1336 1484 satis

225 1515 311 1572 esset
333 1504 376 1571 ad
390 1527 581 1572 concursum
603 1508 774 1596 utriusque
792 1507 966 1580 exercitus:
990 1509 1048 1576 sed
1071 1507 1244 1598 Pompeius
1268 1505 1335 1570 suis

225 1589 435 1681 praedixerat,
449 1605 488 1659 ut
502 1593 639 1660 cesaris
652 1594 800 1682 inpctmn
814 1595 1013 1684 exciperent,
1034 1619 1114 1663 neve
1129 1621 1162 1663 se
1177 1595 1250 1660 loco
1265 1613 1334 1658 mo-

224 1691 342 1746 verent
366 1681 532 1768 aciemque
551 1681 619 1768 ejus
641 1679 777 1748 distrahi
799 1693 1009 1771 paterentur:
1042 1683 1140 1772 idque
1162 1679 1332 1749 admonitu

154 1810 157 1816 ,
226 1766 269 1832 G.
286 1766 406 1832 Triarii
421 1769 529 1834 fecisse
544 1766 727 1846 dicebatur,
753 1780 791 1835 ut
808 1769 932 1859 primus
956 1795 1107 1838 excursus
1122 1771 1234 1857 visque
1249 1765 1334 1834 mili-

224 1865 299 1918 tum
314 1853 549 1944 infringeretur
563 1856 711 1943 aciesque
730 1857 980 1938 distenderetur,
1001 1871 1102 1946 atque
1117 1858 1150 1924 in
1164 1858 1230 1922 suis
1245 1852 1335 1920 ordi·

223 1941 321 2009 nibus
342 1940 489 2031 dispositi
507 1941 669 2032 dispersos
688 1942 913 2010 adorirentur:
938 1943 1104 2034 leniusque
1127 1965 1240 2010 casura
1262 1939 1333 2030 pila

223 2028 392 2117 sperabat,
407 2029 442 2096 in
455 2030 527 2096 loco
542 2031 676 2096 retentis
688 2031 859 2108 militibus,
879 2031 1020 2118 quamsi
1035 2030 1095 2120 ipsi
1110 2029 1244 2098 inmissis
1258 2026 1334 2093 telis

221 2115 459 2182 occurrissentz·
477 2116 573 2182 simul
589 2117 670 2196 fore,
689 2129 741 2193 ut,
756 2117 925 2208 duplicato
940 2143 1047 2195 cursu,
1066 2118 1200 2185 (imanis
1214 2114 1333 2182 milites

222 2203 485 2268 exanimarentur
498 2215 533 2270 et
548 2203 732 2270 lassitudine
747 2204 1009 2272 conficerentur.=
1039 2203 1137 2282 Quod
1152 2202 1245 2272 nobis
1259 2201 1333 2292 qui-

122 2352 129 2363 ,
222 2290 301 2356 dem
314 2290 405 2356 nulla
419 2289 545 2355 ratione
556 2291 679 2356 factum
693 2314 714 2355 a
726 2291 880 2382 Pompeio
892 2293 1036 2370 videtur,
1053 2305 1230 2382 propterea
1244 2287 1333 2379 quod

222 2387 274 2442 est
288 2375 436 2478 quaedam
450 2374 548 2462 animi
567 2377 713 2444 incitatio
732 2389 831 2466 atque
851 2380 1000 2447 alacritas
1015 2379 1207 2446 naturaliter
1221 2378 1333 2447 innata

223 2463 385 2540 omnibus,
395 2486 467 2551 quae
476 2462 584 2529 studio
595 2487 713 2554 pugnae
724 2465 916 2532 incenditur.
956 2467 1051 2533 Hanc
1063 2489 1127 2532 non
1139 2465 1330 2554 reprimere,

220 2550 279 2616 sed
304 2573 428 2640 augere
458 2549 675 2640 Imperatores
700 2551 834 2630 debent,
864 2575 969 2643 neque
998 2555 1120 2620 frustra
1149 2551 1331 2639 antiquitus

221 2638 411 2704 institutum
432 2649 494 2714 est,
517 2652 557 2704 ut
581 2639 671 2727 signa
694 2639 770 2706 undi
795 2664 834 2706 ue
863 2643 1068 2708 concinerent
1093 2641 1331 2726 clamoremque

221 2725 366 2829 pulverei
391 2725 561 2829 tollerent:
597 2727 715 2814 quibus
741 2661 898 2794 relucet
924 2727 1030 2796 hostes
1056 2727 1172 2794 terreri
1194 2739 1229 2793 et
1251 2747 1333 2790 suos

222 2826 353 2880 ancitarr
367 2825 644 2879 existimaverunt.
1289 2881 1291 2890 ,

267 2898 321 2965 93.
346 2899 414 2966 Sed
426 2901 530 2966 nostri
543 2899 673 2975 milites,
693 2899 773 2969 dato
788 2902 890 2992 signo,
914 2925 1015 2991 quum
1030 2899 1153 2968 infestis
1167 2897 1242 2990 pilis
1280 2919 1331 2964 ro-

222 2985 438 3054 cucurrissent
463 2999 563 3074 atque
585 2987 897 3066 animadvertissent,
924 3012 989 3056 non
1013 2987 1163 3055 concurri
1192 3011 1212 3051 a
1264 3007 1332 3050 om·

223 3073 362 3164 peianis:
396 3097 457 3139 usu
486 3072 585 3164 periti
614 3097 653 3139 ac
679 3075 901 3165 superioribus
953 3074 1047 3166 ugnis
1076 3073 1243 3140 exercitati
1273 3095 1332 3136 sua

223 3173 339 3252 sponte
352 3183 482 3227 cursum
495 3173 721 3250 represserunt
744 3175 778 3229 et
801 3162 844 3230 ad
858 3101 1002 3231 medium
1017 3163 1085 3229 fere
1098 3161 1240 3251 spatium
1249 3181 1329 3225 con-

259 3373 580 3440 !daas'pularermea'qcs's.
609 3372 751 3424 Scilante-
838 3375 909 3432 Quod
929 3377 998 3427 nobis
1018 3377 1121 3441 ᾳιιὲιιιιιι
1142 3384 1194 3424 etc.
1234 3373 1273 3422 Cl.
1293 3373 1326 3421 de

226 3439 276 3491 bac
288 3439 321 3490 iis
334 3441 475 3504 praefuerat,
483 3440 529 3505 qui
537 3441 592 3504 jam
604 3448 752 3491 erantvete-
802 3441 857 3492 bl.
870 3441 990 3492 Palmarii
1001 3441 1116 3507 spicileg.
1129 3440 1155 3490 in
1165 3440 1326 3502 Gmtelamp.

225 3506 291 3558 rani.
323 3505 751 3570 cont.Lips.cemi1.nom.1,s.
801 3507 967 3572 capeat.
1003 3500 1007 3515 '

261 3573 372 3636 Ορωπηι
381 3573 448 3621 date.
481 3571 563 3620 Bentl.
574 3568 638 3620 velit
649 3581 750 3622 uocate.
837 3573 941 3622 lanata.
951 3570 1002 3619 vid.
1014 3571 1118 3620 omnino
1129 3572 1183 3620 lnd.
1193 3570 1232 3620 Μ.
1250 3567 1326 3632 Mag·

225 3635 752 3704 quasidatshicdubiisensusessepcsset.
802 3651 847 3686 nas
868 3636 910 3686 hic
928 3635 1058 3686 Bentloius
1074 3637 1208 3699 tragoedlss
1222 3633 1327 3690 excitat,

265 3707 298 3753 Ut
308 3705 429 3766 Gesas'np.
438 3704 519 3764 excip.
547 3699 752 3761 Aliinemmale.
801 3711 868 3752 ratus
887 3701 991 3751 adverb.
1011 3704 1163 3752 naturaliter
1183 3699 1258 3749 cutis
1276 3697 1326 3747 la·

262 3771 292 3818 ι’.
302 3765 752 3831 Μανέί.1ινὶἀειιιι,ιιιιί1ιεΙΙοΜίιΙι·
802 3765 864 3816 tinia
879 3766 985 3816 auribus
1002 3766 1151 3816 inauditum.
1184 3765 1223 3813 Eo
1241 3773 1324 3814 umen

224 3833 334 3886 ridatico
343 3831 431 3882 inlelix
439 3831 540 3881 Luculli
546 3831 752 3894 legatusluerat,
802 3831 842 3880 usi
851 3831 949 3881 Hirtius
960 3832 1002 3880 nl.
1013 3836 1037 3880 8.
1053 3831 1146 3880 Cicero
1157 3831 1189 3879 dc
1200 3829 1287 3879 Dicin.
1302 3831 1323 3888 1,

225 3895 751 4016 eccm
801 3899 843 4010 ιι·
872 3896 1327 4010 pam

238 3981 272 4015 au
331 3978 368 4013 ra
401 3977 470 4013 iarn
503 3977 593 4010 ruoc-
637 3995 644 4009 .
677 3977 751 4010 ear.
836 3997 842 4008 .
907 3976 985 4010 eonas
1082 3977 1099 4008 u
1315 3985 1327 3997 -

262 4031 491 4078 Emtmarentar.
516 4027 558 4076 Sic
570 4025 678 4075 addid.
701 4027 751 4076 Sed
800 4029 940 4076 manaae
955 4026 1013 4089 jure
1024 4023 1192 4089 reprehendit.
1224 4023 1326 4072 aman

226 4093 253 4144 in
272 4093 349 4141 codd.
366 4100 404 4141 est
425 4093 467 4142 vel
488 4095 688 4152 mamaeam,
707 4092 750 4141 vel
802 4090 892 4140 Wssse
902 4093 933 4140 ad
945 4091 1005 4140 Sall.
1018 4089 1044 4138 iu
1054 4089 1176 4138 addendis
1186 4089 1219 4136 ad
1231 4087 1324 4152 lrsgm.

221 4161 441 4216 existimarentur,
468 4157 513 4206 vel
546 4157 572 4219 iq
601 4156 752 4216 Pelusiaco,
802 4155 847 4215 Vl,
860 4159 898 4205 16.
909 4155 1008 4219 obponi
1020 4155 1107 4204 statuit
1116 4153 1220 4204 aliunde
1230 4153 1325 4202 inlatis.

224 4237 303 4290 quem
313 4220 381 4270 Oud·
389 4221 517 4284 optimum
525 4221 597 4279 didit,
606 4229 751 4284 crearas,
835 4225 967 4271 Cascam.
982 4219 1030 4269 alii
1040 4223 1147 4270 occissi.

223 4285 645 4358 quodeidemritodoctophcet.
660 4287 700 4338 dt.
760 4301 763 4312 ·
838 4289 980 4353 vacuata.
1013 4285 1055 4340 Sic
1064 4293 1091 4338 et
1102 4284 1222 4338 Phaedrus
1234 4287 1259 4344 3,
1271 4288 1297 4335 ³.
