2909 4809
471 268 660 366 univ.
690 218 958 346 cremis
1199 282 1242 353 ει
1282 300 1285 305 -

161 484 213 531 ue
223 460 308 531 citni
321 460 480 534 Rhesm'
491 462 603 553 quiete
624 461 658 531 in
678 460 742 529 suis
754 460 885 531 sedibus
897 458 981 539 ertit,
1002 461 1125 533 senior
1138 464 1248 548 fieret,
1364 530 1371 547 .

137 484 257 652 iumen
278 552 482 654 tremierunt.
495 564 606 653 etque,
628 550 776 617 omnibus
789 571 902 652 eprom
915 550 1056 619 edificiis
1068 557 1247 644 occupetis,
1383 574 1388 581 ·

136 637 302 793 Ἥ.
311 637 1148 811 Pifflffliiiifiliiliiiiiinnm
1164 728 1243 796 en.

136 808 244 877 lorum
257 813 390 890 veritus,
402 812 492 902 quod
502 824 576 879 sunt
589 811 622 878 in
636 810 775 879 consiliis
788 811 950 901 capiendis
961 813 1096 881 mobiles
1105 828 1141 880 et
1151 816 1243 883 novi's

134 898 328 989 plerumqpe
338 901 435 968 rebus
446 897 589 989 student,
604 898 683 965 nihil
695 899 744 964 bis
755 898 1020 965 committendum
1034 902 1242 970 existimavit.

137 994 160 1025 ‘⁶
177 985 237 1053 Est
249 999 358 1053 autem
370 986 431 1053 hoc
447 985 581 1053 Gallicis
592 984 842 1064 consuetudinis,
864 985 913 1051 uti
928 997 962 1051 et
976 986 1129 1067 viatores,
1143 990 1243 1057 etiem

136 1080 160 1113 “
177 1070 308 1149 invitos,
322 1074 493 1141 consistere
503 1085 623 1161 cogent
632 1085 679 1151 et,
686 1072 780 1163 quod
791 1074 926 1162 quisque
937 1096 1049 1139 eorum
1058 1075 1101 1141 de
1111 1080 1242 1165 qusque

136 1170 160 1199 “
177 1182 213 1225 re
227 1160 369 1227 erudierit
379 1173 436 1227 aut
447 1160 649 1250 cognoverit,
663 1175 809 1249 quierant
818 1174 853 1227 et
862 1174 1057 1228 mercatores
1069 1162 1102 1227 in
1113 1164 1244 1252 oppidis

135 1255 160 1287 ‘⁶
176 1246 292 1336 volgus
307 1245 724 1335 circumistacquibusque
738 1270 779 1313 ex
793 1246 979 1337 regionibus
991 1248 1133 1325 veniunt,
1149 1273 1242 1338 ques·

136 1344 160 1374 ‘⁸
177 1355 240 1420 que
256 1334 302 1400 ibi
317 1358 369 1399 res
381 1335 614 1434 cognoverim,-
627 1332 841 1423 pronunciare
852 1347 982 1424 cogunt.
1028 1336 1091 1401 His
1104 1338 1241 1403 rumori·

136 1431 160 1463 ‘⁶
176 1419 236 1485 bus
251 1434 350 1509 etque
362 1420 581 1488 auditionibus
595 1422 748 1511 permoti,
761 1422 803 1487 de
817 1421 945 1488 summis
957 1445 1040 1512 πρε
1053 1422 1151 1489 rebus
1164 1432 1240 1492 con·-

137 1518 161 1547 “
175 1506 247 1573 silis
264 1508 397 1584 ineunt,
414 1531 559 1596 ,quorum
580 1532 634 1575 eos
657 1532 676 1573 e
699 1508 838 1598 vestigio
860 1508 1018 1597 poenitere
1039 1532 1165 1577 necesse
1176 1523 1240 1589 est',
1304 1554 1311 1585 r

135 1603 160 1635 ‘⁴
175 1616 276 1681 quum
289 1594 418 1661 incertis
428 1595 611 1665 rumoribus
620 1594 760 1663 serviant
774 1607 809 1661 et
821 1594 970 1684 plerique
983 1594 1025 1661 ad
1038 1598 1241 1664 voluntatem

136 1690 160 1723 ‘⁴
175 1680 379 1747 eorum-ficte
391 1681 639 1769 respondeant.''
995 1730 1000 1739 ·
1158 1730 1162 1739 ·

181 1766 212 1833 6.
238 1766 312 1844 Qus
339 1766 567 1868 comuetudine
594 1768 737 1860 cognito,
766 1769 886 1845 Cesar,
915 1792 956 1835 ne
979 1769 1127 1871 graviori
1150 1768 1241 1837 bello

135 1868 333 1931 occurreret,
346 1868 514 1931 maturius,-
522 1878 621 1943 quem
633 1867 814 1929 consuerat,
827 1854 871 1918 ed
883 1868 1060 1921 exercitum
1070 1854 1241 1945 proticisci·

136 1952 202 2007 tur.
248 1940 300 2007 Eo
313 1964 412 2031 quum
435 1942 583 2016 venisset,
606 1965 657 2018 es,
680 1962 753 2029 quse
768 1940 838 2005 fore
851 1939 1028 2041 smpicstm
1049 1954 1132 2018 erate
1155 1942 1243 2009 fecta

47 2040 50 2045 '
134 2028 309 2117 cognovit.
325 2029 432 2095 misem
454 2027 631 2117 legationes
654 2052 674 2094 s
699 2025 860 2093 nonnullis
882 2025 1068 2093 civitatibus
1088 2028 1131 2093 sd
1157 2031 1242 2095 Ger·

134 2136 258 2191 mos,
271 2114 486 2202 inritatosque
501 2139 567 2191 eos,
582 2113 632 2183 uti
644 2114 687 2181 ab
700 2112 817 2179 Rheno
826 2112 1049 2189 discederent;
1070 2115 1242 2203 omnisque

136 2222 208 2288 quae
289 2202 454 2278 tulassent,
476 2200 575 2268 eb‘se
594 2202 805 2290 fore-pereto.
852 2201 924 2277 Qun
938 2223 995 2290 spe
1008 2200 1141 2267 adducti
1157 2205 1241 2271 Ger·

136 2225 332 2355 rmniffiius
342 2290 443 2379 jsmv
506 2288 627 2355 bantur
648 2302 683 2355 et
698 2288 731 2353 in
745 2285 817 2353 finis
838 2286 1029 2355 Eburonum
1042 2299 1077 2353 et
1091 2288 1241 2356 Condru-

134 2396 255 2451 sorum,
270 2376 341 2464 ‹qui
368 2388 442 2442 sunt
501 2375 681 2441 revirorum
706 2374 849 2451 clientes,
873 2388 1102 2463 pervenerant.
1147 2376 1243 2444 Prin·

135 2461 260 2549 cipibus
276 2460 394 2530 Gallice
415 2462 567 2538 evocatis,
590 2463 698 2529 (leesor
712 2484 763 2538 eo,
786 2485 858 2565 quae
871 2474 1080 2552 cognoverat,
1096 2462 1245 2531 dissimu-

136 2544 232 2614 lsnds
253 2549 315 2615 sibi
342 2549 547 2626 existimavit,
573 2571 748 2637 eorumque
763 2546 875 2613 anisnis
897 2548 1065 2637 permulsis
1078 2561 1114 2615 et
1125 2550 1241 2617 confisa

135 2636 235 2738 motis·
255 2635 467 2737 equitatuque
493 2635 664 2725 imperato,
691 2634 813 2702 bellum
838 2656 912 2699 cum
935 2636 1104 2700 Germanis
1125 2661 1241 2727 gerere

135 2734 514 2877 00¹ilulileltlrumenturie
527 2817 715 2897 comparata
730 2804 957 2895 equitibusque
969 2806 1116 2885 delectis,
1130 2806 1194 2875 iter
1207 2808 1243 2875 in

136 2918 175 2967 es
187 2896 258 2964 loce
272 2898 378 2963 facere
393 2896 508 2986 coepit,·
519 2896 636 2983 quibus
648 2894 681 2959 in
697 2894 774 2961 locis
788 2916 855 2959 esse
881 2895 1059 2963 Germanos
1072 2895 1239 2962 audiebat.

137 2982 299 3073 equibus
321 3007 421 3072 quum
442 3004 617 3072 paucorum
639 2980 765 3047 dierum
780 2974 844 3046 iter¹
863 2980 999 3059 abesset,
1021 2982 1122 3073 legati
1134 2984 1178 3049 ob
1192 2981 1242 3050 bis

136 3084 307 3147 venerunt,
343 3094 458 3143 uorum
469 3070 535 3137 haeo
547 3068 611 3135 luit
625 3068 745 3135 oratio:
771 3069 987 3151 “Germanos
998 3092 1101 3157 neque
1115 3069 1243 3157 priores

136 3168 159 3199 “
178 3156 307 3247 Populo
320 3094 477 3223 tltomcno
499 3155 622 3223 bellum
644 3155 776 3230 inferre,
798 3176 900 3242 neque
916 3167 1024 3220 tamen
1039 3178 1197 3232 recusare,
1212 3156 1242 3221 si

136 3254 160 3287 ‘⁴
176 3243 381 3321 limentur,
408 3244 485 3331 quin
512 3242 609 3309 armis
633 3241 848 3316 contendant:
884 3241 973 3328 quod
1003 3243 1240 3309 Germanorum

135 3340 158 3373 “
174 3330 372 3401 consuetudo
386 3330 452 3399 hec
466 3330 508 3397 sit
522 3328 727 3419 ernajoribus
740 3327 875 3404 tradite,
911 3326 1104 3417 niueumque
1117 3328 1241 3396 bellum

137 3430 159 3459 “
176 3418 330 3495 inferent,
355 3417 514 3493 resistere,
539 3439 643 3504 neque
670 3414 838 3505 deprecari
849 3436 872 3479 ε·
889 3352 960 3481 brec
986 3428 1091 3481 temen
1120 3415 1240 3494 dicere,

136 3504 298 3572 “venisse
322 3504 450 3583 invitos,
471 3504 590 3595 ejectos
613 3502 721 3570 domo.
769 3502 805 3567 Si
828 3524 917 3568 susm
938 3502 1079 3591 gratiam
1100 3502 1239 3571 Romani

173 3672 477 3728 mamanibus.
492 3670 663 3721 llaeeecodd.
747 3671 897 3735 Omoemus.
929 3669 1070 3720 &lendum
1080 3686 1137 3733 que.
1154 3670 1194 3719 Μ.

137 3735 242 3787 inseruit
252 3735 368 3787 Oudend.
400 3735 442 3785 Sic
453 3746 479 3785 et
487 3736 597 3787 Grrscus.
748 3736 944 3787 eorumeorurn.
966 3734 1099 3797 Hodieque
1107 3742 1238 3784 reststno·

173 3802 389 3853 Communium.
416 3799 663 3851 Nullesusconsilis
711 3815 770 3851 men
788 3799 814 3849 in
827 3801 939 3851 Gondm
954 3800 980 3849 in
997 3808 1077 3848 tractu
1090 3796 1236 3850 leodiensi.

138 3864 172 3915 iis
191 3866 336 3931 operiendo,
357 3880 445 3917 eorum
465 3865 523 3915 fidei
544 3864 663 3915 commit·
714 3864 858 3916 D'Ams'lle.

138 3932 213 3981 nuda
230 3929 392 3983 existimavit.
425 3930 465 3979 Ct.
476 3948 499 3981 c.
510 3934 535 3981 6.
545 3938 607 3981 extr.
623 3931 661 3981 Μ.
747 3932 862 3980 Clientes.
878 3928 1129 3980 Hocstondmsos
1138 3934 1235 3981 uotum
1312 3948 1317 3957 ’

172 3998 334 4047 Rumoribus.
350 3996 486 4047 sliirebus.
670 4024 674 4031 ·
747 3994 1174 4053 ttinere,nonitemsdEboronss,
1189 3998 1235 4060 qui

173 4062 254 4113 Ne-
261 4070 409 4120 mereret,
418 4076 450 4111 ne
462 4062 487 4109 in
497 4060 523 4111 id
533 4060 663 4121 incideret,
711 4012 785 4111 beheri
794 4060 903 4119 luerunt,
911 4058 1052 4109 scluverio
1058 4060 1175 4111 German.
1183 4073 1236 4111 ent.

136 4142 170 4177 so
181 4126 364 4192 implicaretur.
394 4126 436 4176 Ol.
448 4129 471 4185 8,
484 4128 508 4175 θ.
525 4127 563 4176 Μ.
711 4130 737 4186 9,
756 4128 795 4175 ts.
810 4124 911 4189 repetiit
926 4124 1060 4175 Cellsrios.
1091 4124 1133 4175 Cl.
1144 4126 1196 4176 ind.
1208 4124 1235 4175 in

173 4194 324 4252 Gemma,
334 4192 393 4243 b.e.
403 4190 519 4255 Usipetes
528 4190 663 4241 ethocb·
710 4192 817 4241 cls'errtee.
834 4191 873 4239 Μ.

137 4256 232 4309 uem.
264 4256 374 4307 Cl.c.4.
391 4258 430 4306 Μ.
744 4256 783 4306 At
802 4256 850 4306 llis.
867 4252 916 4307 slii
932 4254 970 4307 cd
986 4266 1095 4309 met
1110 4256 1149 4309 sic
1164 4258 1235 4311 Gr·-

173 4324 355 4387 imumque.
387 4320 478 4373 Celsus
494 4336 517 4371 c.
534 4322 574 4371 65.
597 4324 663 4373 broi·
698 4336 766 4372 ιω.

135 4391 410 4454 metuamusque.
440 4388 485 4439 Gr.
494 4386 636 4441 imm.

1038 4469 1065 4524 a
1168 4465 1171 4474 .
