2909 4809
429 300 519 371 mn.
542 300 622 374 vn.
665 302 771 373 cur.
793 304 936 373 51-55.
1043 272 1046 287 '
1174 304 1243 391 uc

133 483 355 566 descenderet,
379 488 444 558 levi
457 490 544 559 facto
558 494 703 582 equestri
724 492 842 583 proelio
861 506 962 582 atque
976 516 1017 561 eo
1035 490 1186 575 secundo,
1201 492 1236 561 in

134 587 243 673 castra
257 578 436 645 exercitum
450 578 591 646 reduxit.
638 582 748 659 Quum
763 578 825 647 hoc
849 579 933 647 idem
959 592 1089 673 postero
1109 580 1163 647 die
1185 579 1235 667 fc3·

135 672 243 736 esset,
268 664 344 729 satis
358 666 401 731 ad
417 666 577 733 Gallicam
599 668 844 735 ostentationem
859 668 1064 735 minuendam
1078 666 1235 735 militum·

133 772 199 839 que
213 748 335 815 animos
348 753 583 821 confirmandos
598 754 720 823 factum
734 746 928 833 existimans,
943 755 975 821 in
989 754 1114 821 AEduos
1127 765 1237 821 castra

134 835 249 900 movit.
290 839 324 903 N
325 863 342 903 e
357 852 428 906 tum
442 840 572 929 quidem
588 841 738 910 insecutis
752 842 909 923 hostibus,
924 841 1022 909 tertio
1043 840 1152 907 dicad
1173 840 1234 907 flu·

133 944 209 986 uren
224 922 351 990 Elaver>
359 940 492 1015 pontem
503 929 615 995 refecit
628 943 727 1019 atque
741 928 920 996 exercitum
930 926 1123 995 transduxit.

178 1008 233 1073 54.
271 1010 323 1077 Ibi
342 1036 363 1077 a
389 1014 587 1081 Virdumaro
613 1030 713 1119 atque
739 1016 768 1083 E
793 1014 953 1105 oredirige
980 1013 1096 1081 AEduis
1120 1012 1233 1103 adpel-

133 1092 231 1171 latm,
256 1098 362 1176 discit,
385 1125 459 1168 cum
483 1103 571 1169 omni
593 1114 743 1193 equitatu
788 1104 941 1170 'tavicum
964 1102 1004 1169 ad
1018 1100 1235 1187 sollicitandos

134 1180 261 1249 AEduos
284 1187 468 1275 profectum
492 1213 580 1256 esse:
604 1216 624 1259 o
649 1216 686 1256 us
699 1216 778 1269 esse,
804 1204 840 1257 et
864 1190 950 1281 ipsos
975 1188 1164 1257 antecedere
1190 1188 1234 1274 ud

131 1268 387 1339 confirmandam
406 1276 580 1345 civitatem.
624 1215 698 1345 bui
721 1278 833 1346 multis
853 1277 921 1366 jam
943 1276 1041 1343 rebus
1065 1274 1234 1365 perfidiam
1281 1338 1284 1347 ,

133 1356 318 1459 AEduqrum
332 1375 533 1451 perspectam
555 1364 708 1445 babebat,
722 1378 823 1457 atque
836 1362 954 1433 horum
968 1362 1107 1453 discessu
1121 1361 1234 1454 adma·

132 1454 241 1510 turarr
256 1446 470 1515 defectionem
484 1449 622 1517 civitatis
645 1451 866 1519 existimabat:
895 1460 1001 1517 tamen
1023 1472 1076 1517 eos
1092 1448 1233 1516 retinen·

131 1529 191 1596 dos
206 1555 271 1597 non
286 1536 420 1613 censuit,
436 1560 476 1603 ne
488 1549 546 1602 aut
564 1538 682 1605 inferre
702 1538 851 1605 in’uriam
875 1536 1054 1612 videretur,
1077 1548 1136 1603 aut
1155 1536 1235 1603 darc

132 1617 258 1685 timoris
284 1620 427 1710 aliquam
454 1623 678 1713 suspicionem.
733 1562 985 1693 biscedentibus
1013 1622 1061 1689 his
1088 1622 1237 1689 breviter

131 1706 247 1771 suain
270 1707 397 1776 AEduos
427 1710 543 1777 merita
568 1712 720 1801 exponit:
758 1722 781 1753 “
797 1736 879 1804 quos
906 1722 940 1777 et
969 1732 1067 1799 quam
1096 1708 1232 1777 humiles

133 1800 155 1831 “
171 1794 359 1883 accepisset,
375 1796 555 1886 compulsos
569 1798 603 1863 in
627 1799 760 1900 oppida,
785 1798 939 1863 multatos
960 1796 1059 1885 agris,
1084 1794 1235 1863 omnibus

132 1888 155 1918 “
171 1882 293 1970 ereptis
316 1884 427 1972 copiis,
456 1883 594 1985 inposito
622 1885 793 1975 stipendio,
819 1882 985 1950 obsidibus
1012 1906 1136 1949 summa
1156 1905 1233 1948 cum

132 1969 367 2037 “contumelia
387 1983 543 2045 extortrs;
566 1984 608 2040 et.
622 1972 722 2059 quam
747 1974 780 2037 in
802 1972 978 2047 fortunam,
1008 1992 1172 2071 quamque
1198 1966 1232 2037 in

133 2054 420 2143 “amplitudinem
441 2056 637 2135 deduxisset,
661 2072 700 2123 ut
723 2082 787 2125 non
809 2058 914 2125 solum
938 2057 970 2123 in
984 2056 1154 2149 pristinum
1169 2066 1232 2121 sta-

132 2150 155 2181 “
172 2154 247 2207 tum
261 2142 424 2225 redissent,
445 2144 500 2211 scd
523 2144 665 2216 omnium
683 2159 750 2213 tem
797 2169 870 2212 rum
890 2144 1084 2233 dignitatem
1104 2154 1139 2208 et
1158 2164 1234 2233 grs-
1336 2219 1339 2226 Ι

133 2239 154 2268 “
173 2226 256 2379 {aar
267 2230 710 2331 antecessisse‚viderentur.”
792 2233 817 2299 is
831 2231 915 2299 dati
928 2230 1097 2312 mandatis,
1121 2252 1176 2296 eos
1187 2228 1233 2297 ab

130 2338 163 2380 se
204 2330 311 2382 smrsrt.
1112 2362 1115 2367 -

177 2402 233 2466 55.
269 2404 502 2471 Noviodunum
538 2418 610 2473 erat
642 2404 802 2497 oppidum
831 2402 1027 2481 AEduorum,
1064 2402 1107 2469 ad
1144 2402 1233 2505 ripas

133 2488 262 2577 Ligeris
275 2493 461 2579 obportuno
476 2494 547 2560 loco
561 2493 710 2583 positum.
758 2494 835 2559 Huc
850 2493 958 2558 Oaesar
981 2513 1088 2557 omnes
1111 2490 1235 2558 obsrdes

135 2576 265 2653 Galliae,
281 2578 491 2656 frumentum,
506 2582 673 2670 pecuniam
694 2580 871 2671 publicam,
898 2600 1031 2643 suorum
1057 2589 1158 2666 atque
1180 2600 1234 2642 ex·

131 2664 254 2728 ercitus
284 2666 576 2754 inpedimentorum
600 2690 752 2756 magnam
778 2678 905 2755 partem
929 2664 1113 2731 contulerat
1127 2682 1148 2741 ;’
1169 2662 1235 2731 huc

132 2773 288 2838 magnum
310 2777 482 2820 numerum
507 2778 678 2843 equorum,
708 2751 804 2845 hujus
833 2751 912 2819 belli
939 2775 1048 2817 caussa
1076 2750 1109 2816 in
1136 2748 1233 2817 ltalia

151 2850 234 2924 tque
259 2838 415 2929 Hispania
443 2854 616 2918 coemtum,
641 2842 781 2907 miserat.
831 2840 881 2906 Eo
908 2860 1010 2927 quum
1036 2836 1236 2927 Eporedirix

131 2862 421 3014 b'irdumarusque
433 2930 594 2993 venissent
608 2940 642 2993 et
657 2927 698 2993 de
720 2939 811 2992 statu
833 2926 973 2992 civitatis
998 2926 1234 3015 cognovissent,

134 3010 320 3078 Litavicum
344 3014 497 3081 Bibracte
519 3016 562 3081 ab
578 3014 694 3081 AEduis
708 3026 887 3102 receptum,
906 3012 997 3101 quod
1012 3024 1060 3078 est
1075 3010 1235 3101 oppidum

133 3099 225 3187 apud
241 3123 295 3164 eos
308 3102 453 3167 maximae
465 3103 680 3179 auctoritatis,
702 3099 994 3168 Conuictolitanem
1010 3100 1236 3187 magistratum

135 3210 351 3275 magnamque
368 3200 496 3278 partem
510 3200 639 3255 senatus
661 3188 702 3254 ad
724 3210 799 3254 eum
823 3186 1017 3261 convenisse,
1045 3185 1170 3273 legatos
1191 3182 1235 3272 ad

137 3271 442 3365 Vercingetorigem
466 3276 508 3342 de
534 3300 617 3379 pace
641 3286 675 3341 et
702 3274 845 3341 amicitia
874 3270 1074 3339 concilianda
1103 3270 1235 3360 publice

132 3360 266 3425 missos:
292 3384 356 3427 non
380 3362 697 3451 praetermittendum
718 3374 846 3447 tantum
859 3359 1062 3427 commodum
1076 3358 1235 3445 existima·

135 3459 266 3513 verunt.
311 3446 440 3536 Itaque,
464 3449 644 3515 interfectis
667 3448 857 3516 Novioduni
884 3444 1085 3521 custodibus,
1112 3446 1237 3534 quique

132 3558 171 3599 eo
183 3535 371 3623 negotiandi
385 3549 444 3602 aut
457 3536 581 3603 itineris
594 3560 704 3602 caussa
715 3546 944 3611 convenerant,
955 3532 1123 3625 pecuniam
1135 3546 1236 3621 atque

133 3644 238 3709 equos
258 3622 344 3689 inter
357 3647 390 3689 se
405 3624 520 3713 partiti
538 3636 638 3701 sunt3
669 3622 797 3691 obsides
819 3621 989 3689 civitatum
1015 3618 1170 3687 Bibracte
1190 3618 1233 3687 ad

131 3850 197 3901 ibid.
220 3852 309 3901 Altera
318 3850 406 3913 lectio,
418 3854 602 3913 nihilomiuus,
610 3851 660 3903 etri
743 3852 900 3903 Aruteoedcrc.
916 3846 1106 3917 alpi-accde*
1167 3895 1168 3901 ,

131 3927 172 3992 est
182 3916 364 3981 plerorumque
375 3918 504 3981 codicum,
519 3928 603 3969 tamen
615 3934 660 3983 per
744 3920 828 3972 Qum
844 3916 951 3968 humiles
969 3919 1108 3981 acceptaret.
1140 3912 1182 3964 Cf.
1207 3916 1233 3976 c,

133 3983 601 4113 bpdllbarddlnbaclidsztbugbidmwdbld
611 3990 660 4097 ‘ibt’
710 3982 875 4112 miliarinam
892 4050 922 4097 ὄπ
934 4046 995 4110 fort.
1021 4042 1232 4111 Conjunctlonetn

133 4123 239 4161 structa.
259 4114 353 4163 Verum
364 4129 465 4163 seucum
475 4114 600 4179 metaphr.
616 4114 660 4164 Gr.
713 4112 836 4179 praemisit
848 4111 916 4161 Oud.
932 4126 947 4161 c
958 4112 1032 4161 codd.
1042 4118 1069 4160 et
1082 4112 1142 4161 edd.
1152 4118 1204 4161 vet.

132 4178 267 4241 expressit.
283 4180 320 4227 M.
354 4176 484 4238 Quantum
499 4178 585 4240 video,
601 4178 662 4229 riti·
746 4180 864 4229 Bibracte
885 4177 918 4227 cb
937 4174 1041 4227 AEdac'c.
1054 4175 1102 4226 stit
1123 4176 1235 4228 atavos

134 4258 207 4291 cmm
229 4241 256 4293 id
279 4247 363 4294 mus
385 4261 475 4295 omnes
494 4245 599 4296 codices
614 4244 662 4295 ob-
710 4244 917 4299 rclaBr'brocte.

136 4305 210 4357 sidet.
747 4312 798 4361 Aac
814 4311 919 4359 irim.
954 4306 1019 4358 Hac
1035 4304 1237 4357 rcrbnmcltic

171 4374 280 4425 neam
291 4373 348 4425 scil.
357 4371 450 4427 Casas.
465 4376 505 4427 M.
712 4376 793 4425 codd.
818 4382 846 4427 et
861 4376 919 4427 cdd.
943 4373 1046 4435 absunt,
1065 4386 1114 4427 ccc
1133 4370 1239 4425 (ἱκοῦ.

170 4440 605 4517 Eperedirs'qc5liespiccadcd&
710 4441 799 4493 babet.
