2909 4809
419 289 506 378 nuit.
531 290 577 377 u.
622 291 725 377 car.
749 293 847 377 με.
1107 291 1174 384 ets

75 497 303 566 laborantibus
331 499 574 566 succurrebant.
621 498 740 587 Neque
762 503 840 566 r‘ero
865 499 1026 572 con'u’n'cti
1052 499 1177 575 Alblc'is

76 587 256 652 comminus
284 585 460 676 pugnando
485 583 696 661 deficiebsnt;
726 606 832 674 neque
857 525 997 653 melleum
1017 582 1176 660 cedebant
1231 645 1236 650 .

77 671 206 738 virtute
220 674 355 740 nostris:
377 672 472 738 unani
491 694 531 738 ex
550 673 728 740 minoribus
750 674 883 739 navibus
903 676 1021 762 magna
1034 675 1083 742 vis
1099 675 1176 744 emi-

79 782 138 826 nus
150 761 246 826 missa
258 759 398 826 telorum
408 761 515 825 multa
527 760 643 829 nostris
658 760 715 847 [de
725 761 911 848 improviso]
927 759 1177 849 inprudentibus

78 858 180 936 atque
205 846 357 936 inpeditis
387 847 522 912 vulnera
547 847 755 913 inferebant:
794 849 944 938 conspice
1008 871 1050 912 ue
1079 855 1174 918 neves

80 935 230 1001 triremes
242 933 317 1000 duae
336 955 449 999 navem
466 933 509 1000 D.
528 934 636 1009 Bruti,
660 957 734 1022 quoe
746 956 787 1001 ex
802 934 916 1026 insigni
931 933 1024 1000 facie
1047 933 1175 1026 agnosci

82 1034 226 1110 poterat,
241 1020 370 1087 duabus
386 1045 426 1086 ex
441 1020 588 1111 partibus
612 1043 679 1086 sese
702 1022 735 1085 in
760 1043 832 1086 eam
858 1021 1090 1096 incitaverant3
1121 1019 1177 1096 sed

84 1121 225 1184 tautum,
247 1131 283 1174 re
298 1108 439 1197 provisa,
468 1107 591 1173 Brutus
618 1107 784 1174 celeritate
811 1110 899 1176 naris
923 1107 1027 1174 enisus
1053 1119 1112 1184 est,
1137 1102 1177 1174 tl

83 1217 186 1298 parvo
210 1209 372 1261 momento
401 1194 618 1260 antecederet.
670 1193 739 1260 lllae
764 1193 846 1262 adeo
871 1196 1015 1283 graviter
1037 1194 1122 1261 in'tcr
1144 1220 1177 1263 se

83 1282 222 1348 incitatae
236 1281 462 1356 conflixerunt,
478 1295 516 1346 ut
524 1280 795 1348 vehementissime
810 1293 957 1370 utraeque
968 1305 1008 1346 ex
1021 1287 1180 1351 concursu

85 1370 290 1443 laborarent;
312 1369 415 1436 ultera
432 1390 511 1434 vero
525 1368 698 1457 praefrscto
717 1381 825 1437 rostro
848 1379 919 1436 tota
935 1365 1178 1440 conlabefieret.

88 1458 160 1532 Qun
175 1477 210 1521 re
222 1456 362 1522 animum
376 1453 520 1531 adversa,
558 1477 609 1519 nse
625 1457 778 1545 proximae
792 1455 821 1521 ei
834 1455 905 1522 loeo
917 1477 958 1520 ex
973 1455 1069 1522 Bruti
1083 1454 1180 1525 class

86 1565 180 1609 naves
202 1553 307 1619 erant,
338 1544 371 1608 in
395 1565 446 1608 cas
468 1543 501 1607 in
568 1542 627 1608 ‘tas
651 1544 799 1634 inpetum
823 1544 947 1610 lacirmt
968 1541 1181 1634 celeriterque

87 1631 196 1696 ambas
209 1629 406 1719 deprimunt.
467 1655 472 1662 ·
1101 1689 1103 1694 .

129 1718 159 1780 7.
185 1716 251 1781 Sed
268 1717 449 1782 Nasidianae
475 1736 570 1782 naves
595 1713 686 1779 nullo
711 1715 782 1780 usui
808 1715 944 1781 fuemnt
969 1713 1180 1805 celeriterque

91 1823 199 1892 pugna
217 1815 440 1869 excesseruntt
473 1802 640 1868 nonenim
655 1799 711 1865 has
724 1811 782 1867 sut
796 1813 984 1890 conspectus
1042 1801 1111 1866 triae
1125 1800 1185 1892 aul

90 1892 346 1980 propinquorum
369 1902 529 1978 proecepta
550 1887 592 1952 ad
606 1899 786 1955 extremum
802 1889 877 1953 vitae
935 1885 1004 1953 riou
1019 1909 1074 1953 um
1093 1886 1183 1955 edire

91 1978 260 2064 cogebant.
295 1976 413 2066 ltaque
425 1999 466 2043 ex
478 1999 517 2041 eo
529 1997 664 2040 numero
679 1975 811 2043 navium
824 1974 882 2038 nul
894 1998 914 2039 n
928 1973 1108 2040 desiderata
1121 1987 1184 2053 est,

93 2087 130 2130 ex
146 2057 391 2130 blandiendum
408 2063 505 2128 classe
520 2061 664 2149 quinque
677 2074 753 2126 sunt.
768 2061 937 2149 depressae,
953 2072 1096 2147 quatuor
1108 2085 1185 2152 cap-

94 2163 144 2227 tae,
175 2173 239 2216 una
265 2173 339 2216 eum
362 2149 544 2216 Nasidianis
564 2147 732 2238 profugit:
769 2172 841 2251 puae
868 2169 976 2214 omnes
1002 2147 1186 2217 citeriorem

96 2237 286 2327 Hispaniam
301 2236 509 2324 petiverunt:
540 2248 578 2302 at
602 2259 642 2301 ex
668 2235 799 2322 reliquus
824 2257 891 2302 una
915 2235 1077 2325 premisse
1099 2236 1186 2303 Mas·

93 2323 204 2398 ailiam,
231 2323 327 2412 hujus
347 2324 453 2389 nuncii
476 2321 660 2412 perferendi
688 2323 807 2408 gratia,
844 2329 946 2410 quum
973 2323 1040 2410 jam
1068 2323 1111 2388 ad
1153 2331 1186 2390 bs

94 2411 149 2500 pin
173 2418 269 2477 naret
305 2411 394 2486 urbi,
430 2411 532 2475 omnis
568 2431 633 2474 sese
662 2409 839 2476 multitudo
861 2409 902 2476 ad
932 2421 1115 2500 cognoscen'
1133 2412 1190 2477 uin

95 2498 157 2565 effu
183 2497 211 2562 it
239 2519 288 2572 ac,
325 2520 360 2563 re
394 2498 535 2586 cognita,
557 2507 666 2561 tantus
686 2494 794 2562 luctus
815 2493 957 2584 excepit,
988 2505 1026 2560 ut
1048 2498 1125 2564 urbs
1139 2499 1188 2583 ‚ab

96 2584 239 2652 hostibus
274 2595 373 2671 capta
412 2584 524 2650 eodem
558 2582 696 2670 vestigio
732 2583 910 2649 videretur.
979 2581 1192 2650 Massilienses

99 2684 201 2736 tamen
217 2668 316 2736 nihilo
330 2673 459 2757 sequius
472 2669 514 2736 ad
529 2669 741 2735 defensionem
762 2669 851 2736 urbis
878 2667 1007 2755 reliqua
1032 2666 1190 2759 adparere

100 2783 147 2826 coe
189 2768 279 2824 runt.
327 2803 344 2822 s
1024 2765 1030 2781 '
1183 2790 1192 2806 ·

165 2891 172 2906 .
197 2845 257 2910 Est
275 2842 533 2910 animadversum
546 2842 590 2908 ab
605 2839 800 2931 legionariis,
813 2841 868 2928 qui
883 2841 1049 2909 dexteram
1064 2850 1192 2932 partem

102 2931 206 3022 operis
241 2929 520 3006 administrabant,
557 2953 597 2995 ex
629 2929 751 2998 crebris
785 2925 925 2995 hostium
957 2928 1226 3019 eruptionibus,

104 3040 216 3105 magno
227 3015 289 3083 sibi
302 3015 528 3105 essepraesidio
544 3040 647 3105 posse,
669 3015 694 3081 si
713 3039 775 3104 pro
790 3015 924 3082 castello
935 3039 974 3082 ac
989 3016 1196 3106 receptaculo
1232 3075 1234 3080 .

104 3105 218 3170 turrim
238 3125 278 3172 ex
300 3103 403 3170 latere
418 3105 480 3170 sub
492 3127 589 3170 muro
613 3103 771 3179 fecissent,
785 3104 1003 3193 quamprimo
1023 3102 1066 3170 ad
1081 3124 1196 3194 repert·-

138 3276 293 3340 Isscrebust.
322 3275 390 3326 liene
401 3275 449 3335 sie,
463 3283 492 3326 ut
508 3272 538 3323 G.
548 3278 572 3335 8,
587 3273 626 3323 tt.
709 3273 958 3337 Adcuqactoendmn.
980 3268 1128 3324 Haesserba
1138 3286 1197 3339 per·

107 3342 238 3392 multitado
247 3367 281 3377 -
290 3349 462 3392 munerant.
486 3338 548 3388 vid.
558 3346 584 3387 ct
592 3337 626 3386 H.
677 3353 762 3403 penem
775 3346 893 3402 suspecta
904 3347 963 3388 aunt
973 3337 1089 3390 Davisio.

108 3409 131 3453 6.
141 3416 168 3455 et
177 3406 235 3456 Lis.
247 3411 273 3466 2,
284 3413 308 3455 5.
321 3405 381 3454 item
392 3405 469 3455 Gron.
480 3403 578 3453 adLiv.
586 3405 626 3462 to,
710 3405 824 3468 Sequens.
844 3403 884 3452 ΑΙ.
895 3407 980 3463 meist,
990 3405 1059 3470 quod
1070 3411 1109 3455 eat
1118 3401 1195 3454 idem.

111 3475 147 3520 lt.
165 3471 224 3520 Non
235 3487 296 3534 ergo
308 3486 382 3534 opus,
392 3487 451 3520 curn
465 3471 626 3519 llutomaauo
676 3467 717 3519 Al.
727 3471 837 3531 asperius,
848 3483 898 3518 nou
910 3469 987 3518 male.
1007 3468 1045 3519 Μ.

109 3537 342 3600 legcrcmofflsoei.
712 3533 972 3584 Estaus'mudversm
980 3558 1022 3583 -.
1050 3533 1108 3584 lloc
1119 3540 1199 3598 caput
1230 3569 1233 3576 -

141 3601 242 3666 lucique
258 3598 384 3650 Praetorire
401 3599 474 3650 nevis
488 3598 537 3649 luit
548 3597 629 3648 vexil·
678 3614 736 3648 cum
752 3612 820 3646 nono
838 3597 864 3647 in
875 3595 1091 3664 Francogallicum
1103 3613 1198 3650 armo·

108 3665 159 3715 lum
181 3681 349 3730 purpureum,
369 3664 491 3721 interdurn
516 3673 542 3714 et
559 3664 628 3714 aliud
678 3661 908 3712 nemtrunstulitet
921 3662 1200 3715 illumvitouisehar·

110 3729 179 3793 quid.
191 3730 269 3779 Cont.
280 3728 401 3779 sthenes.
411 3727 528 3779 remitit.
537 3745 595 3779 nar.
603 3745 630 3792 p.
679 3729 725 3778 dur
737 3727 763 3776 in
773 3725 914 3778 Memoires
928 3728 1046 3794 critique·
1061 3735 1087 3778 et
1096 3725 1201 3779 histori-

112 3798 165 3843 175.
179 3797 216 3844 Μ.
243 3795 314 3844 Male
326 3795 368 3844 hic
382 3794 433 3844 'alii
449 3797 537 3857 eoique·
547 3795 589 3843 vel
600 3810 632 3843 er
678 3810 741 3856 ques
751 3791 782 3842 T.
794 3797 818 3842 4.
830 3809 856 3858 p.
871 3796 926 3852 104,
946 3809 1004 3844 cunr
1020 3795 1072 3858 jam
1088 3792 1198 3844 antesin

110 3863 189 3925 dono.
211 3859 310 3910 locam
321 3859 466 3909 emendavit
476 3858 594 3910 Faernus.
681 3856 955 3909 Memoiresmiliteires
965 3859 997 3908 Τ.
1007 3863 1033 3906 2.
1043 3875 1070 3922 p.
1077 3860 1118 3907 58.
1126 3874 1200 3911 eum·

147 3925 267 3984 rmum,
281 3941 310 3974 re
324 3927 433 3989 merua.
459 3925 633 3977 Aliitmrtore
680 3923 837 3999 densiorem
850 3931 989 3986 tractuum,
1009 3932 1038 3974 et
1052 3922 1141 3974 tabule
1156 3925 1200 3999 pri

111 4007 282 4118 pompm&
292 4063 379 4129 rostro.
402 4053 443 4104 sie
462 4056 536 4106 codd.
549 4054 632 4119 Vulgo
682 3987 1203 4127 lllirldtardplrlrsssddirillitlotdlaofionffliduma:

112 4119 241 4183 perfracta
264 4118 350 4168 Vossri
360 4121 418 4169 cod.
427 4128 565 4186 μωρία
683 4119 717 4166 du
727 4119 863 4168 Chevalrcr
872 4119 972 4169 Folurd.
985 4135 1011 4184 p.
1024 4121 1065 4168 87.

149 4187 265 4234 ΝΜ
275 4185 388 4235 adversm
400 4184 467 4234 Oud.
477 4203 491 4234 e
500 4185 560 4236 cod.
574 4183 636 4234 Vul·
721 4184 826 4234 Turrim
833 4186 954 4243 exlatere,
961 4182 1047 4236 annin
1058 4183 1203 4238 lateritiam.

199 4253 209 4266 “
687 4249 725 4299 Μ.
742 4249 825 4299 Bentl.
835 4248 905 4299 addit
914 4252 1051 4302 elatiorem.
