<?xml version="1.0" encoding="UTF-8"?>
<!DOCTYPE html PUBLIC "-//W3C//DTD XHTML 1.0 Transitional//EN"
    "http://www.w3.org/TR/xhtml1/DTD/xhtml1-transitional.dtd">
<html xmlns="http://www.w3.org/1999/xhtml" xml:lang="en" lang="en">
 <head>
  <title>
</title>
<meta http-equiv="Content-Type" content="text/html;charset=utf-8" />
  <meta name='ocr-system' content='tesseract 3.04.00' />
  <meta name='ocr-capabilities' content='ocr_page ocr_carea ocr_par ocr_line ocrx_word'/>
</head>
<body>
  <div class='ocr_page' id='page_1' title='image "./cjuliicaesarisc00obergoog/cjuliicaesarisc00obergoog_0264.png"; bbox 0 0 2909 4809; ppageno 0'>
   <div class='ocr_carea' id='block_1_1' title="bbox 249 251 1034 336">
    <p class='ocr_par' dir='ltr' id='par_1_1' title="bbox 249 251 1034 336">
     <span class='ocr_line' id='line_1_1' title="bbox 249 251 1034 336; baseline -0.013 0"><span class='ocrx_word' id='word_1_1' title='bbox 249 258 319 336; x_wconf 56' lang='lat' dir='ltr'><em>W</em></span> <span class='ocrx_word' id='word_1_2' title='bbox 553 256 617 329; x_wconf 76' lang='lat' dir='ltr'><strong>DE</strong></span> <span class='ocrx_word' id='word_1_3' title='bbox 639 252 791 335; x_wconf 72' lang='lat' dir='ltr'><strong>netto</strong></span> <span class='ocrx_word' id='word_1_4' title='bbox 815 251 1034 329; x_wconf 69' lang='lat' dir='ltr'><strong>GALLIGO.</strong></span> 
     </span>
    </p>
   </div>
   <div class='ocr_carea' id='block_1_2' title="bbox 139 650 1348 1475">
    <p class='ocr_par' dir='ltr' id='par_1_2' title="bbox 139 650 1348 1031">
     <span class='ocr_line' id='line_1_2' title="bbox 139 650 1348 769; baseline 0.005 -24"><span class='ocrx_word' id='word_1_5' title='bbox 139 725 141 728; x_wconf 91' lang='lat'>-</span> <span class='ocrx_word' id='word_1_6' title='bbox 251 650 398 753; x_wconf 78' lang='lat' dir='ltr'>OMNI</span> <span class='ocrx_word' id='word_1_7' title='bbox 426 672 533 743; x_wconf 84' lang='lat' dir='ltr'><strong>Gallia</strong></span> <span class='ocrx_word' id='word_1_8' title='bbox 562 673 702 757; x_wconf 80' lang='lat' dir='ltr'><strong>devicta,</strong></span> <span class='ocrx_word' id='word_1_9' title='bbox 733 676 839 746; x_wconf 76' lang='lat' dir='ltr'><strong>Caesar</strong></span> <span class='ocrx_word' id='word_1_10' title='bbox 865 700 966 768; x_wconf 87' lang='lat' dir='ltr'><strong>quum</strong></span> <span class='ocrx_word' id='word_1_11' title='bbox 995 700 1016 745; x_wconf 88' lang='lat' dir='ltr'><strong>a</strong></span> <span class='ocrx_word' id='word_1_12' title='bbox 1041 676 1206 769; x_wconf 79' lang='lat' dir='ltr'>superiore</span> <span class='ocrx_word' id='word_1_13' title='bbox 1235 686 1348 751; x_wconf 59' lang='lat' dir='ltr'><strong>aute</strong></span> 
     </span>
     <span class='ocr_line' id='line_1_3' title="bbox 248 760 1347 855; baseline 0.003 -23"><span class='ocrx_word' id='word_1_14' title='bbox 248 761 376 833; x_wconf 89' lang='lat' dir='ltr'><strong>nullum</strong></span> <span class='ocrx_word' id='word_1_15' title='bbox 389 760 534 831; x_wconf 86' lang='lat' dir='ltr'><strong>bellandi</strong></span> <span class='ocrx_word' id='word_1_16' title='bbox 548 776 676 855; x_wconf 83' lang='lat' dir='ltr'><strong>tempus</strong></span> <span class='ocrx_word' id='word_1_17' title='bbox 690 764 919 843; x_wconf 81' lang='lat' dir='ltr'><strong>intermisisset,</strong></span> <span class='ocrx_word' id='word_1_18' title='bbox 939 764 1119 853; x_wconf 86' lang='lat' dir='ltr'><strong>militesque</strong></span> <span class='ocrx_word' id='word_1_19' title='bbox 1134 760 1347 835; x_wconf 85' lang='lat' dir='ltr'><strong>hibernorum</strong></span> 
     </span>
     <span class='ocr_line' id='line_1_4' title="bbox 248 847 1347 955; baseline -0.003 -36"><span class='ocrx_word' id='word_1_20' title='bbox 248 852 359 945; x_wconf 88' lang='lat' dir='ltr'><strong>quiete</strong></span> <span class='ocrx_word' id='word_1_21' title='bbox 382 847 514 918; x_wconf 85' lang='lat' dir='ltr'><strong>relicere</strong></span> <span class='ocrx_word' id='word_1_22' title='bbox 536 876 557 918; x_wconf 87' lang='lat' dir='ltr'><strong>a</strong></span> <span class='ocrx_word' id='word_1_23' title='bbox 577 852 674 917; x_wconf 84' lang='lat' dir='ltr'><strong>tantis</strong></span> <span class='ocrx_word' id='word_1_24' title='bbox 693 852 860 919; x_wconf 87' lang='lat' dir='ltr'><strong>laboribus</strong></span> <span class='ocrx_word' id='word_1_25' title='bbox 880 851 998 931; x_wconf 86' lang='lat' dir='ltr'><strong>vellet;</strong></span> <span class='ocrx_word' id='word_1_26' title='bbox 1027 851 1208 955; x_wconf 79' lang='lat' dir='ltr'><strong>complures</strong></span> <span class='ocrx_word' id='word_1_27' title='bbox 1229 848 1347 920; x_wconf 87' lang='lat' dir='ltr'><strong>eodem</strong></span> 
     </span>
     <span class='ocr_line' id='line_1_5' title="bbox 247 937 1347 1031; baseline -0.001 -25"><span class='ocrx_word' id='word_1_28' title='bbox 247 948 395 1031; x_wconf 86' lang='lat' dir='ltr'><strong>tempore</strong></span> <span class='ocrx_word' id='word_1_29' title='bbox 419 937 565 1005; x_wconf 82' lang='lat' dir='ltr'><strong>civitates</strong></span> <span class='ocrx_word' id='word_1_30' title='bbox 588 960 743 1005; x_wconf 86' lang='lat' dir='ltr'><strong>renovare</strong></span> <span class='ocrx_word' id='word_1_31' title='bbox 766 938 846 1005; x_wconf 90' lang='lat' dir='ltr'><strong>belli</strong></span> <span class='ocrx_word' id='word_1_32' title='bbox 869 939 1000 1007; x_wconf 88' lang='lat' dir='ltr'><strong>consilia</strong></span> <span class='ocrx_word' id='word_1_33' title='bbox 1020 938 1256 1007; x_wconf 76' lang='lat' dir='ltr'><strong>nunciabantur</strong></span> <span class='ocrx_word' id='word_1_34' title='bbox 1270 961 1347 1005; x_wconf 83' lang='lat' dir='ltr'><strong>con-</strong></span> 
     </span>
    </p>

    <p class='ocr_par' dir='ltr' id='par_1_3' title="bbox 197 1023 1346 1475">
     <span class='ocr_line' id='line_1_6' title="bbox 197 1023 1345 1128; baseline -0.001 -36"><span class='ocrx_word' id='word_1_35' title='bbox 197 1023 200 1031; x_wconf 84' lang='grc'><strong>’</strong></span> <span class='ocrx_word' id='word_1_36' title='bbox 242 1024 610 1128; x_wconf 72' lang='lat' dir='ltr'><strong>jurationesquefacere.</strong></span> <span class='ocrx_word' id='word_1_37' title='bbox 643 1024 747 1115; x_wconf 86' lang='lat' dir='ltr'><strong>Cujus</strong></span> <span class='ocrx_word' id='word_1_38' title='bbox 756 1026 802 1092; x_wconf 92' lang='lat' dir='ltr'><strong>rei</strong></span> <span class='ocrx_word' id='word_1_39' title='bbox 814 1026 991 1095; x_wconf 85' lang='lat' dir='ltr'><strong>verisimili</strong></span> <span class='ocrx_word' id='word_1_40' title='bbox 999 1050 1108 1093; x_wconf 86' lang='lat' dir='ltr'><strong>caussa</strong></span> <span class='ocrx_word' id='word_1_41' title='bbox 1118 1023 1345 1101; x_wconf 80' lang='lat' dir='ltr'><strong>adserebatur,</strong></span> 
     </span>
     <span class='ocr_line' id='line_1_7' title="bbox 244 1110 1345 1203; baseline -0.002 -24"><span class='ocrx_word' id='word_1_42' title='bbox 244 1110 335 1203; x_wconf 90' lang='lat' dir='ltr'><strong>quod</strong></span> <span class='ocrx_word' id='word_1_43' title='bbox 352 1112 456 1179; x_wconf 78' lang='lat' dir='ltr'><strong>Gallis</strong></span> <span class='ocrx_word' id='word_1_44' title='bbox 469 1114 615 1182; x_wconf 89' lang='lat' dir='ltr'><strong>omnibus</strong></span> <span class='ocrx_word' id='word_1_45' title='bbox 630 1112 795 1203; x_wconf 81' lang='lat' dir='ltr'><strong>cognitum</strong></span> <span class='ocrx_word' id='word_1_46' title='bbox 810 1121 903 1192; x_wconf 89' lang='lat' dir='ltr'><strong>esset,</strong></span> <span class='ocrx_word' id='word_1_47' title='bbox 919 1136 1024 1203; x_wconf 91' lang='lat' dir='ltr'><strong>neque</strong></span> <span class='ocrx_word' id='word_1_48' title='bbox 1039 1112 1107 1179; x_wconf 85' lang='lat' dir='ltr'><strong>ulla</strong></span> <span class='ocrx_word' id='word_1_49' title='bbox 1121 1110 1345 1189; x_wconf 83' lang='lat' dir='ltr'><strong>multitudiue,</strong></span> 
     </span>
     <span class='ocr_line' id='line_1_8' title="bbox 245 1198 1346 1291; baseline 0.002 -26"><span class='ocrx_word' id='word_1_50' title='bbox 245 1200 279 1265; x_wconf 88' lang='lat' dir='ltr'><strong>in</strong></span> <span class='ocrx_word' id='word_1_51' title='bbox 294 1223 395 1267; x_wconf 90' lang='lat' dir='ltr'><strong>unum</strong></span> <span class='ocrx_word' id='word_1_52' title='bbox 409 1198 515 1265; x_wconf 91' lang='lat' dir='ltr'><strong>locum</strong></span> <span class='ocrx_word' id='word_1_53' title='bbox 530 1212 652 1277; x_wconf 84' lang='lat' dir='ltr'><strong>coacta,</strong></span> <span class='ocrx_word' id='word_1_54' title='bbox 667 1200 771 1267; x_wconf 85' lang='lat' dir='ltr'><strong>resisti</strong></span> <span class='ocrx_word' id='word_1_55' title='bbox 791 1224 884 1291; x_wconf 89' lang='lat' dir='ltr'><strong>posse</strong></span> <span class='ocrx_word' id='word_1_56' title='bbox 901 1200 1068 1277; x_wconf 86' lang='lat' dir='ltr'><strong>Romanis;</strong></span> <span class='ocrx_word' id='word_1_57' title='bbox 1091 1222 1162 1277; x_wconf 91' lang='lat' dir='ltr'><strong>nec,</strong></span> <span class='ocrx_word' id='word_1_58' title='bbox 1177 1198 1203 1265; x_wconf 90' lang='lat' dir='ltr'><strong>si</strong></span> <span class='ocrx_word' id='word_1_59' title='bbox 1217 1199 1346 1267; x_wconf 85' lang='lat' dir='ltr'><strong>diversa</strong></span> 
     </span>
     <span class='ocr_line' id='line_1_9' title="bbox 243 1282 1345 1377; baseline -0.003 -24"><span class='ocrx_word' id='word_1_60' title='bbox 243 1282 333 1353; x_wconf 86' lang='lat' dir='ltr'><strong>bella</strong></span> <span class='ocrx_word' id='word_1_61' title='bbox 342 1282 524 1377; x_wconf 89' lang='lat' dir='ltr'><strong>complures</strong></span> <span class='ocrx_word' id='word_1_62' title='bbox 535 1286 648 1353; x_wconf 90' lang='lat' dir='ltr'><strong>eodem</strong></span> <span class='ocrx_word' id='word_1_63' title='bbox 661 1298 726 1353; x_wconf 90' lang='lat' dir='ltr'><strong>tem</strong></span> <span class='ocrx_word' id='word_1_64' title='bbox 753 1310 809 1353; x_wconf 88' lang='lat' dir='ltr'><strong>ore</strong></span> <span class='ocrx_word' id='word_1_65' title='bbox 822 1287 950 1355; x_wconf 83' lang='lat' dir='ltr'><strong>inissent</strong></span> <span class='ocrx_word' id='word_1_66' title='bbox 961 1286 1120 1366; x_wconf 80' lang='lat' dir='ltr'><strong>civitates,</strong></span> <span class='ocrx_word' id='word_1_67' title='bbox 1133 1284 1208 1353; x_wconf 87' lang='lat' dir='ltr'><strong>satis</strong></span> <span class='ocrx_word' id='word_1_68' title='bbox 1218 1284 1345 1361; x_wconf 83' lang='lat' dir='ltr'><strong>auxilii,</strong></span> 
     </span>
     <span class='ocr_line' id='line_1_10' title="bbox 243 1312 1346 1475; baseline 0.002 -38"><span class='ocrx_word' id='word_1_69' title='bbox 243 1383 304 1455; x_wconf 78' lang='lat' dir='ltr'><strong>aut</strong></span> <span class='ocrx_word' id='word_1_70' title='bbox 315 1367 421 1475; x_wconf 74' lang='lat' dir='ltr'><strong>spatii,</strong></span> <span class='ocrx_word' id='word_1_71' title='bbox 430 1383 488 1439; x_wconf 86' lang='lat' dir='ltr'><strong>aut</strong></span> <span class='ocrx_word' id='word_1_72' title='bbox 499 1372 667 1461; x_wconf 87' lang='lat' dir='ltr'><strong>copiarum</strong></span> <span class='ocrx_word' id='word_1_73' title='bbox 677 1312 866 1445; x_wconf 73' lang='lat' dir='ltr'><strong>habiturum</strong></span> <span class='ocrx_word' id='word_1_74' title='bbox 880 1373 1058 1441; x_wconf 85' lang='lat' dir='ltr'><strong>exercitum</strong></span> <span class='ocrx_word' id='word_1_75' title='bbox 1072 1370 1191 1463; x_wconf 89' lang='lat' dir='ltr'><strong>Populi</strong></span> <span class='ocrx_word' id='word_1_76' title='bbox 1206 1372 1346 1441; x_wconf 82' lang='lat' dir='ltr'><strong>Romani</strong></span> 
     </span>
    </p>
   </div>
   <div class='ocr_carea' id='block_1_3' title="bbox 176 1453 1346 2134">
    <p class='ocr_par' dir='ltr' id='par_1_4' title="bbox 176 1453 1346 1639">
     <span class='ocr_line' id='line_1_11' title="bbox 244 1453 1346 1547; baseline 0.004 -24"><span class='ocrx_word' id='word_1_77' title='bbox 244 1453 287 1523; x_wconf 81' lang='lat' dir='ltr'><strong>ad</strong></span> <span class='ocrx_word' id='word_1_78' title='bbox 302 1481 407 1525; x_wconf 84' lang='lat' dir='ltr'><strong>omnm</strong></span> <span class='ocrx_word' id='word_1_79' title='bbox 465 1456 656 1547; x_wconf 87' lang='lat' dir='ltr'><strong>rsequenda:</strong></span> <span class='ocrx_word' id='word_1_80' title='bbox 680 1484 744 1527; x_wconf 93' lang='lat' dir='ltr'><strong>non</strong></span> <span class='ocrx_word' id='word_1_81' title='bbox 761 1485 826 1528; x_wconf 84' lang='lat' dir='ltr'><strong>esse</strong></span> <span class='ocrx_word' id='word_1_82' title='bbox 842 1474 951 1529; x_wconf 85' lang='lat' dir='ltr'><strong>autem</strong></span> <span class='ocrx_word' id='word_1_83' title='bbox 973 1458 1072 1528; x_wconf 87' lang='lat' dir='ltr'><strong>elicui</strong></span> <span class='ocrx_word' id='word_1_84' title='bbox 1085 1460 1209 1528; x_wconf 80' lang='lat' dir='ltr'><strong>civitati</strong></span> <span class='ocrx_word' id='word_1_85' title='bbox 1223 1474 1346 1527; x_wconf 85' lang='lat' dir='ltr'><strong>sortem</strong></span> 
     </span>
     <span class='ocr_line' id='line_1_12' title="bbox 176 1543 1344 1639; baseline 0.002 -28"><span class='ocrx_word' id='word_1_86' title='bbox 176 1616 179 1620; x_wconf 10' lang='grc' dir='ltr'><strong><em>ἵ</em></strong></span> <span class='ocrx_word' id='word_1_87' title='bbox 244 1546 383 1612; x_wconf 89' lang='lat' dir='ltr'><strong>incomm</strong></span> <span class='ocrx_word' id='word_1_88' title='bbox 429 1547 683 1625; x_wconf 85' lang='lat' dir='ltr'><strong>rrecusandam‚</strong></span> <span class='ocrx_word' id='word_1_89' title='bbox 705 1549 732 1615; x_wconf 88' lang='lat' dir='ltr'><strong>si</strong></span> <span class='ocrx_word' id='word_1_90' title='bbox 753 1549 812 1615; x_wconf 80' lang='lat' dir='ltr'><strong>tali</strong></span> <span class='ocrx_word' id='word_1_91' title='bbox 831 1572 923 1617; x_wconf 90' lang='lat' dir='ltr'><strong>mora</strong></span> <span class='ocrx_word' id='word_1_92' title='bbox 937 1543 1070 1638; x_wconf 78' lang='lat' dir='ltr'><strong>reliquae&#39;</strong></span> <span class='ocrx_word' id='word_1_93' title='bbox 1085 1545 1213 1639; x_wconf 77' lang='lat' dir='ltr'><strong>possent</strong></span> <span class='ocrx_word' id='word_1_94' title='bbox 1228 1572 1262 1616; x_wconf 89' lang='lat' dir='ltr'><strong>se</strong></span> <span class='ocrx_word' id='word_1_95' title='bbox 1276 1546 1344 1614; x_wconf 82' lang='lat' dir='ltr'><strong>vin-</strong></span> 
     </span>
    </p>

    <p class='ocr_par' dir='ltr' id='par_1_5' title="bbox 244 1632 1126 1712">
     <span class='ocr_line' id='line_1_13' title="bbox 244 1632 1126 1712; baseline 0.005 -13"><span class='ocrx_word' id='word_1_96' title='bbox 244 1632 354 1712; x_wconf 82' lang='lat' dir='ltr'><strong>dicare</strong></span> <span class='ocrx_word' id='word_1_97' title='bbox 370 1634 403 1699; x_wconf 94' lang='lat' dir='ltr'><strong>in</strong></span> <span class='ocrx_word' id='word_1_98' title='bbox 416 1633 611 1704; x_wconf 87' lang='lat' dir='ltr'><strong>libertatem.</strong></span> <span class='ocrx_word' id='word_1_99' title='bbox 852 1694 855 1703; x_wconf 87' lang='lat'>.</span> <span class='ocrx_word' id='word_1_100' title='bbox 920 1688 923 1697; x_wconf 89' lang='lat'><em>.</em></span> <span class='ocrx_word' id='word_1_101' title='bbox 1066 1688 1069 1691; x_wconf 87' lang='lat'>-</span> <span class='ocrx_word' id='word_1_102' title='bbox 1122 1688 1126 1695; x_wconf 85' lang='lat'><em>.</em></span> 
     </span>
    </p>

    <p class='ocr_par' dir='ltr' id='par_1_6' title="bbox 265 1716 1344 1811">
     <span class='ocr_line' id='line_1_14' title="bbox 265 1716 1344 1811; baseline -0.001 -26"><span class='ocrx_word' id='word_1_103' title='bbox 265 1718 321 1785; x_wconf 82' lang='lat'><strong>&#39;2.</strong></span> <span class='ocrx_word' id='word_1_104' title='bbox 355 1716 436 1797; x_wconf 66' lang='lat' dir='ltr'><strong>Quae&#39;</strong></span> <span class='ocrx_word' id='word_1_105' title='bbox 460 1744 501 1789; x_wconf 90' lang='lat' dir='ltr'><strong>ne</strong></span> <span class='ocrx_word' id='word_1_106' title='bbox 528 1722 638 1811; x_wconf 88' lang='lat' dir='ltr'><strong>opinio</strong></span> <span class='ocrx_word' id='word_1_107' title='bbox 665 1718 837 1791; x_wconf 72' lang='lat' dir='ltr'><strong>Gallorum</strong></span> <span class='ocrx_word' id='word_1_108' title='bbox 865 1722 1123 1799; x_wconf 82' lang='lat' dir='ltr'><strong>confirmaretur,</strong></span> <span class='ocrx_word' id='word_1_109' title='bbox 1155 1720 1263 1789; x_wconf 68' lang='lat' dir='ltr'><strong>Cesar</strong></span> <span class='ocrx_word' id='word_1_110' title='bbox 1291 1716 1344 1787; x_wconf 83' lang='lat' dir='ltr'><strong>M.</strong></span> 
     </span>
    </p>

    <p class='ocr_par' dir='ltr' id='par_1_7' title="bbox 246 1806 1346 1899">
     <span class='ocr_line' id='line_1_15' title="bbox 246 1806 1346 1899; baseline -0.002 -26"><span class='ocrx_word' id='word_1_111' title='bbox 246 1806 425 1874; x_wconf 80' lang='lat' dir='ltr'><strong>Ausonium</strong></span> <span class='ocrx_word' id='word_1_112' title='bbox 441 1809 643 1885; x_wconf 79' lang='lat' dir='ltr'><strong>Quoestorem</strong></span> <span class='ocrx_word' id='word_1_113' title='bbox 658 1811 724 1876; x_wconf 85' lang='lat' dir='ltr'><strong>suis</strong></span> <span class='ocrx_word' id='word_1_114' title='bbox 739 1810 883 1899; x_wconf 71' lang='lat' dir='ltr'><strong>prefecit</strong></span> <span class='ocrx_word' id='word_1_115' title='bbox 897 1809 1056 1877; x_wconf 89' lang='lat' dir='ltr'><strong>hibernis:</strong></span> <span class='ocrx_word' id='word_1_116' title='bbox 1080 1811 1148 1899; x_wconf 89' lang='lat' dir='ltr'><strong>ipse</strong></span> <span class='ocrx_word' id='word_1_117' title='bbox 1163 1832 1239 1875; x_wconf 89' lang='lat' dir='ltr'><strong>curn</strong></span> <span class='ocrx_word' id='word_1_118' title='bbox 1254 1808 1346 1895; x_wconf 78' lang='lat' dir='ltr'><strong>eqni·</strong></span> 
     </span>
    </p>

    <p class='ocr_par' dir='ltr' id='par_1_8' title="bbox 244 1892 1345 1986">
     <span class='ocr_line' id='line_1_16' title="bbox 244 1892 1345 1986; baseline -0.001 -27"><span class='ocrx_word' id='word_1_119' title='bbox 244 1906 333 1960; x_wconf 84' lang='lat' dir='ltr'><strong>tatus</strong></span> <span class='ocrx_word' id='word_1_120' title='bbox 358 1894 509 1985; x_wconf 82' lang='lat' dir='ltr'><strong>praesidio</strong></span> <span class='ocrx_word' id='word_1_121' title='bbox 529 1894 642 1985; x_wconf 77' lang='lat' dir='ltr'><strong>pridie</strong></span> <span class='ocrx_word' id='word_1_122' title='bbox 673 1896 746 1962; x_wconf 84' lang='lat' dir='ltr'><strong>Kal.</strong></span> <span class='ocrx_word' id='word_1_123' title='bbox 775 1896 945 1963; x_wconf 79' lang='lat' dir='ltr'><strong>Ianuarias</strong></span> <span class='ocrx_word' id='word_1_124' title='bbox 971 1898 1014 1963; x_wconf 87' lang='lat' dir='ltr'><strong>ab</strong></span> <span class='ocrx_word' id='word_1_125' title='bbox 1039 1920 1058 1962; x_wconf 88' lang='lat' dir='ltr'><strong>o</strong></span> <span class='ocrx_word' id='word_1_126' title='bbox 1083 1896 1161 1986; x_wconf 91' lang='lat' dir='ltr'><strong>pido</strong></span> <span class='ocrx_word' id='word_1_127' title='bbox 1189 1892 1345 1961; x_wconf 82' lang='lat' dir='ltr'><strong>Bibracte</strong></span> 
     </span>
    </p>

    <p class='ocr_par' dir='ltr' id='par_1_9' title="bbox 244 1917 1081 2134">
     <span class='ocr_line' id='line_1_17' title="bbox 244 1917 1081 2134; baseline 0.001 -86"><span class='ocrx_word' id='word_1_128' title='bbox 244 1979 463 2134; x_wconf 55' lang='lat' dir='ltr'><strong>ffioficiscitur</strong></span> <span class='ocrx_word' id='word_1_129' title='bbox 487 1980 529 2048; x_wconf 85' lang='lat' dir='ltr'><strong>ad</strong></span> <span class='ocrx_word' id='word_1_130' title='bbox 550 1983 709 2073; x_wconf 88' lang='lat' dir='ltr'><strong>legionem</strong></span> <span class='ocrx_word' id='word_1_131' title='bbox 733 1982 831 2060; x_wconf 91' lang='lat' dir='ltr'>XIII,</span> <span class='ocrx_word' id='word_1_132' title='bbox 855 2008 953 2071; x_wconf 87' lang='lat' dir='ltr'><strong>quam</strong></span> <span class='ocrx_word' id='word_1_133' title='bbox 975 2004 1040 2051; x_wconf 90' lang='lat' dir='ltr'><strong>non</strong></span> <span class='ocrx_word' id='word_1_134' title='bbox 1059 1917 1081 2049; x_wconf 79' lang='lat' dir='ltr'><strong>l</strong></span> 
     </span>
    </p>
   </div>
   <div class='ocr_carea' id='block_1_4' title="bbox 225 1980 1430 2942">
    <p class='ocr_par' dir='ltr' id='par_1_10' title="bbox 225 1980 1347 2593">
     <span class='ocr_line' id='line_1_18' title="bbox 1079 1980 1347 2049; baseline -0.007 0"><span class='ocrx_word' id='word_1_135' title='bbox 1079 2009 1098 2049; x_wconf 96' lang='lat' dir='ltr'><strong>o</strong></span> <span class='ocrx_word' id='word_1_136' title='bbox 1144 2007 1161 2047; x_wconf 93' lang='lat' dir='ltr'><strong>e</strong></span> <span class='ocrx_word' id='word_1_137' title='bbox 1187 2006 1207 2047; x_wconf 86' lang='lat' dir='ltr'><strong>a</strong></span> <span class='ocrx_word' id='word_1_138' title='bbox 1228 1980 1347 2047; x_wconf 81' lang='lat' dir='ltr'><strong>finibus</strong></span> 
     </span>
     <span class='ocr_line' id='line_1_19' title="bbox 289 2006 1346 2157; baseline -0.002 -23"><span class='ocrx_word' id='word_1_139' title='bbox 289 2067 429 2135; x_wconf 88' lang='lat' dir='ltr'><strong>duorum</strong></span> <span class='ocrx_word' id='word_1_140' title='bbox 444 2069 670 2137; x_wconf 80' lang='lat' dir='ltr'><strong>conlocauerat</strong></span> <span class='ocrx_word' id='word_1_141' title='bbox 688 2071 723 2136; x_wconf 92' lang='lat' dir='ltr'><strong>in</strong></span> <span class='ocrx_word' id='word_1_142' title='bbox 737 2070 854 2137; x_wconf 88' lang='lat' dir='ltr'><strong>finibus</strong></span> <span class='ocrx_word' id='word_1_143' title='bbox 871 2070 979 2139; x_wconf 90' lang='lat' dir='ltr'><strong>Bituri</strong></span> <span class='ocrx_word' id='word_1_144' title='bbox 1004 2095 1070 2148; x_wconf 92' lang='lat' dir='ltr'><strong>um,</strong></span> <span class='ocrx_word' id='word_1_145' title='bbox 1086 2006 1181 2135; x_wconf 63' lang='lat' dir='ltr'><strong>eigue</strong></span> <span class='ocrx_word' id='word_1_146' title='bbox 1196 2067 1346 2157; x_wconf 85' lang='lat' dir='ltr'><strong>adjungit</strong></span> 
     </span>
     <span class='ocr_line' id='line_1_20' title="bbox 242 2094 1346 2247; baseline 0 -26"><span class='ocrx_word' id='word_1_147' title='bbox 242 2154 403 2246; x_wconf 82' lang='lat' dir='ltr'><strong>legionem</strong></span> <span class='ocrx_word' id='word_1_148' title='bbox 429 2156 491 2233; x_wconf 88' lang='lat' dir='ltr'><strong>XI,</strong></span> <span class='ocrx_word' id='word_1_149' title='bbox 543 2180 592 2224; x_wconf 83' lang='lat' dir='ltr'><strong>uae</strong></span> <span class='ocrx_word' id='word_1_150' title='bbox 619 2158 767 2247; x_wconf 85' lang='lat' dir='ltr'><strong>proxima</strong></span> <span class='ocrx_word' id='word_1_151' title='bbox 795 2158 914 2225; x_wconf 85' lang='lat' dir='ltr'><strong>fuerat.</strong></span> <span class='ocrx_word' id='word_1_152' title='bbox 970 2094 1059 2224; x_wconf 63' lang='lat' dir='ltr'><strong>lituis</strong></span> <span class='ocrx_word' id='word_1_153' title='bbox 1088 2094 1276 2221; x_wconf 75' lang='lat' dir='ltr'><strong>cellrortibus</strong></span> <span class='ocrx_word' id='word_1_154' title='bbox 1302 2154 1346 2221; x_wconf 79' lang='lat' dir='ltr'><strong>ad</strong></span> 
     </span>
     <span class='ocr_line' id='line_1_21' title="bbox 243 2180 1345 2331; baseline -0.002 -23"><span class='ocrx_word' id='word_1_155' title='bbox 243 2241 464 2331; x_wconf 88' lang='lat' dir='ltr'><strong>inpedimenta</strong></span> <span class='ocrx_word' id='word_1_156' title='bbox 491 2180 624 2319; x_wconf 84' lang='lat' dir='ltr'><strong>relictis,</strong></span> <span class='ocrx_word' id='word_1_157' title='bbox 651 2244 814 2331; x_wconf 88' lang='lat' dir='ltr'><strong>reliquum</strong></span> <span class='ocrx_word' id='word_1_158' title='bbox 844 2244 1021 2311; x_wconf 84' lang='lat' dir='ltr'><strong>exercitum</strong></span> <span class='ocrx_word' id='word_1_159' title='bbox 1050 2244 1083 2310; x_wconf 90' lang='lat' dir='ltr'><strong>in</strong></span> <span class='ocrx_word' id='word_1_160' title='bbox 1109 2241 1345 2331; x_wconf 81' lang='lat' dir='ltr'><strong>‚copiosissimos</strong></span> 
     </span>
     <span class='ocr_line' id='line_1_22' title="bbox 242 2328 1345 2418; baseline -0.001 -24"><span class='ocrx_word' id='word_1_161' title='bbox 242 2350 340 2417; x_wconf 82' lang='lat' dir='ltr'><strong>agros</strong></span> <span class='ocrx_word' id='word_1_162' title='bbox 356 2329 545 2417; x_wconf 83' lang='lat' dir='ltr'><strong>Biturigum</strong></span> <span class='ocrx_word' id='word_1_163' title='bbox 560 2331 700 2395; x_wconf 87' lang='lat' dir='ltr'><strong>inducit:</strong></span> <span class='ocrx_word' id='word_1_164' title='bbox 724 2332 794 2418; x_wconf 92' lang='lat' dir='ltr'><strong>qui,</strong></span> <span class='ocrx_word' id='word_1_165' title='bbox 810 2354 912 2418; x_wconf 89' lang='lat' dir='ltr'><strong>quum</strong></span> <span class='ocrx_word' id='word_1_166' title='bbox 931 2329 1013 2396; x_wconf 89' lang='lat' dir='ltr'><strong>latos</strong></span> <span class='ocrx_word' id='word_1_167' title='bbox 1028 2330 1106 2395; x_wconf 89' lang='lat' dir='ltr'><strong>fines</strong></span> <span class='ocrx_word' id='word_1_168' title='bbox 1127 2341 1161 2393; x_wconf 89' lang='lat' dir='ltr'><strong>et</strong></span> <span class='ocrx_word' id='word_1_169' title='bbox 1175 2328 1345 2417; x_wconf 87' lang='lat' dir='ltr'><strong>complura</strong></span> 
     </span>
     <span class='ocr_line' id='line_1_23' title="bbox 225 2412 1345 2517; baseline 0.002 -37"><span class='ocrx_word' id='word_1_170' title='bbox 225 2412 371 2517; x_wconf 41' lang='lat' dir='ltr'><strong>&#39;oppida</strong></span> <span class='ocrx_word' id='word_1_171' title='bbox 390 2414 558 2494; x_wconf 89' lang='lat' dir='ltr'><strong>haberent,</strong></span> <span class='ocrx_word' id='word_1_172' title='bbox 582 2416 678 2483; x_wconf 91' lang='lat' dir='ltr'><strong>unius</strong></span> <span class='ocrx_word' id='word_1_173' title='bbox 691 2416 827 2507; x_wconf 83' lang='lat' dir='ltr'><strong>legionis</strong></span> <span class='ocrx_word' id='word_1_174' title='bbox 841 2416 983 2485; x_wconf 88' lang='lat' dir='ltr'><strong>hibernis</strong></span> <span class='ocrx_word' id='word_1_175' title='bbox 1004 2438 1067 2493; x_wconf 88' lang='lat' dir='ltr'><strong>non</strong></span> <span class='ocrx_word' id='word_1_176' title='bbox 1125 2420 1256 2482; x_wconf 86' lang='lat' dir='ltr'><strong>tuerant</strong></span> <span class='ocrx_word' id='word_1_177' title='bbox 1271 2437 1345 2482; x_wconf 93' lang='lat' dir='ltr'><strong>con·</strong></span> 
     </span>
     <span class='ocr_line' id='line_1_24' title="bbox 243 2500 1241 2593; baseline -0.001 -26"><span class='ocrx_word' id='word_1_178' title='bbox 243 2501 355 2578; x_wconf 76' lang='lat' dir='ltr'><strong>unsri,</strong></span> <span class='ocrx_word' id='word_1_179' title='bbox 369 2502 449 2591; x_wconf 93' lang='lat' dir='ltr'><strong>quin</strong></span> <span class='ocrx_word' id='word_1_180' title='bbox 464 2500 587 2570; x_wconf 90' lang='lat' dir='ltr'><strong>bellum</strong></span> <span class='ocrx_word' id='word_1_181' title='bbox 601 2517 756 2593; x_wconf 86' lang='lat' dir='ltr'><strong>pararent</strong></span> <span class='ocrx_word' id='word_1_182' title='bbox 771 2504 1072 2591; x_wconf 85' lang='lat' dir='ltr'><strong>conjurationesque</strong></span> <span class='ocrx_word' id='word_1_183' title='bbox 1120 2514 1241 2568; x_wconf 87' lang='lat' dir='ltr'><strong>cerent.</strong></span> 
     </span>
    </p>

    <p class='ocr_par' dir='ltr' id='par_1_11' title="bbox 240 2588 1430 2942">
     <span class='ocr_line' id='line_1_25' title="bbox 286 2588 1345 2679; baseline 0.002 -25"><span class='ocrx_word' id='word_1_184' title='bbox 286 2590 319 2655; x_wconf 91' lang='lat'><strong>3.</strong></span> <span class='ocrx_word' id='word_1_185' title='bbox 345 2588 531 2679; x_wconf 87' lang='lat' dir='ltr'><strong>Repentino</strong></span> <span class='ocrx_word' id='word_1_186' title='bbox 544 2590 687 2664; x_wconf 80' lang='lat' dir='ltr'><strong>aduentu</strong></span> <span class='ocrx_word' id='word_1_187' title='bbox 703 2590 839 2669; x_wconf 81' lang='lat' dir='ltr'><strong>Caesaris</strong></span> <span class='ocrx_word' id='word_1_188' title='bbox 853 2590 982 2667; x_wconf 87' lang='lat' dir='ltr'><strong>accidit,</strong></span> <span class='ocrx_word' id='word_1_189' title='bbox 1007 2589 1096 2679; x_wconf 91' lang='lat' dir='ltr'><strong>quod</strong></span> <span class='ocrx_word' id='word_1_190' title='bbox 1112 2588 1267 2679; x_wconf 84' lang='lat' dir='ltr'><strong>inparatis</strong></span> <span class='ocrx_word' id='word_1_191' title='bbox 1281 2588 1345 2657; x_wconf 85' lang='lat' dir='ltr'><strong>dis·</strong></span> 
     </span>
     <span class='ocr_line' id='line_1_26' title="bbox 240 2675 1430 2767; baseline -0.001 -25"><span class='ocrx_word' id='word_1_192' title='bbox 240 2675 400 2767; x_wconf 81' lang='lat' dir='ltr'><strong>jectisque</strong></span> <span class='ocrx_word' id='word_1_193' title='bbox 430 2677 573 2744; x_wconf 82' lang='lat' dir='ltr'><strong>accidere</strong></span> <span class='ocrx_word' id='word_1_194' title='bbox 601 2678 667 2744; x_wconf 83' lang='lat' dir='ltr'><strong>fuit</strong></span> <span class='ocrx_word' id='word_1_195' title='bbox 695 2700 833 2754; x_wconf 89' lang='lat' dir='ltr'><strong>necesse,</strong></span> <span class='ocrx_word' id='word_1_196' title='bbox 864 2690 902 2744; x_wconf 90' lang='lat' dir='ltr'><strong>ut</strong></span> <span class='ocrx_word' id='word_1_197' title='bbox 931 2678 997 2743; x_wconf 89' lang='lat' dir='ltr'><strong>sine</strong></span> <span class='ocrx_word' id='word_1_198' title='bbox 1026 2678 1140 2743; x_wconf 88' lang='lat' dir='ltr'><strong>timore</strong></span> <span class='ocrx_word' id='word_1_199' title='bbox 1168 2675 1238 2741; x_wconf 91' lang='lat' dir='ltr'><strong>ullo</strong></span> <span class='ocrx_word' id='word_1_200' title='bbox 1267 2700 1345 2742; x_wconf 84' lang='lat' dir='ltr'><strong>rura</strong></span> <span class='ocrx_word' id='word_1_201' title='bbox 1429 2676 1430 2681; x_wconf 68' lang='grc'>’</span> 
     </span>
     <span class='ocr_line' id='line_1_27' title="bbox 245 2762 1345 2857; baseline -0.004 -26"><span class='ocrx_word' id='word_1_202' title='bbox 245 2764 388 2832; x_wconf 83' lang='lat' dir='ltr'><strong>colentes</strong></span> <span class='ocrx_word' id='word_1_203' title='bbox 402 2765 492 2855; x_wconf 91' lang='lat' dir='ltr'><strong>prius</strong></span> <span class='ocrx_word' id='word_1_204' title='bbox 505 2766 549 2833; x_wconf 85' lang='lat' dir='ltr'><strong>ab</strong></span> <span class='ocrx_word' id='word_1_205' title='bbox 562 2765 711 2855; x_wconf 85' lang='lat' dir='ltr'><strong>equitatu</strong></span> <span class='ocrx_word' id='word_1_206' title='bbox 725 2764 999 2857; x_wconf 87' lang='lat' dir='ltr'><strong>obprimerentur‚</strong></span> <span class='ocrx_word' id='word_1_207' title='bbox 1011 2788 1108 2853; x_wconf 83' lang='lat' dir='ltr'><strong>quum</strong></span> <span class='ocrx_word' id='word_1_208' title='bbox 1121 2762 1297 2852; x_wconf 82' lang='lat' dir='ltr'><strong>confugere</strong></span> <span class='ocrx_word' id='word_1_209' title='bbox 1311 2763 1345 2827; x_wconf 93' lang='lat' dir='ltr'><strong>in</strong></span> 
     </span>
     <span class='ocr_line' id='line_1_28' title="bbox 240 2849 1344 2942; baseline -0.001 -26"><span class='ocrx_word' id='word_1_210' title='bbox 240 2850 371 2942; x_wconf 83' lang='lat' dir='ltr'><strong>oppido</strong></span> <span class='ocrx_word' id='word_1_211' title='bbox 384 2863 531 2937; x_wconf 79' lang='lat' dir='ltr'><strong>possent:</strong></span> <span class='ocrx_word' id='word_1_212' title='bbox 554 2874 693 2941; x_wconf 88' lang='lat' dir='ltr'><strong>namque</strong></span> <span class='ocrx_word' id='word_1_213' title='bbox 708 2852 806 2919; x_wconf 85' lang='lat' dir='ltr'><strong>etium</strong></span> <span class='ocrx_word' id='word_1_214' title='bbox 828 2850 922 2928; x_wconf 90' lang='lat' dir='ltr'><strong>illud,</strong></span> <span class='ocrx_word' id='word_1_215' title='bbox 938 2850 1074 2941; x_wconf 83' lang='lat' dir='ltr'><strong>vulgare</strong></span> <span class='ocrx_word' id='word_1_216' title='bbox 1097 2849 1344 2928; x_wconf 88' lang='lat' dir='ltr'><strong>incursionibus,</strong></span> 
     </span>
    </p>
   </div>
   <div class='ocr_carea' id='block_1_5' title="bbox 184 3040 1349 4343">
    <p class='ocr_par' dir='ltr' id='par_1_12' title="bbox 247 3040 1346 3560">
     <span class='ocr_line' id='line_1_29' title="bbox 282 3040 1345 3105; baseline -0.002 -16"><span class='ocrx_word' id='word_1_217' title='bbox 282 3040 407 3103; x_wconf 72' lang='lat' dir='ltr'><strong>Aeropes.</strong></span> <span class='ocrx_word' id='word_1_218' title='bbox 430 3046 521 3091; x_wconf 64' lang='lat' dir='ltr'><strong>edm.</strong></span> <span class='ocrx_word' id='word_1_219' title='bbox 552 3040 606 3090; x_wconf 81' lang='lat' dir='ltr'><strong>Aut</strong></span> <span class='ocrx_word' id='word_1_220' title='bbox 625 3056 675 3091; x_wconf 84' lang='lat' dir='ltr'><strong>non</strong></span> <span class='ocrx_word' id='word_1_221' title='bbox 696 3040 773 3092; x_wconf 85' lang='lat' dir='ltr'><strong>nimis</strong></span> <span class='ocrx_word' id='word_1_222' title='bbox 855 3040 989 3105; x_wconf 62' lang='lat' dir='ltr'><strong>norom</strong></span> <span class='ocrx_word' id='word_1_223' title='bbox 1001 3040 1087 3091; x_wconf 72' lang='lat' dir='ltr'><strong>nm.</strong></span> <span class='ocrx_word' id='word_1_224' title='bbox 1119 3040 1195 3089; x_wconf 83' lang='lat' dir='ltr'><strong>Hunc</strong></span> <span class='ocrx_word' id='word_1_225' title='bbox 1213 3052 1345 3089; x_wconf 86' lang='lat' dir='ltr'><strong>numerum</strong></span> 
     </span>
     <span class='ocr_line' id='line_1_30' title="bbox 247 3104 1346 3169; baseline -0.003 -14"><span class='ocrx_word' id='word_1_226' title='bbox 247 3106 388 3169; x_wconf 72' lang='lat' dir='ltr'><strong>urgendum</strong></span> <span class='ocrx_word' id='word_1_227' title='bbox 405 3112 444 3153; x_wconf 81' lang='lat' dir='ltr'><strong>est</strong></span> <span class='ocrx_word' id='word_1_228' title='bbox 458 3105 522 3154; x_wconf 83' lang='lat' dir='ltr'><strong>hoc:</strong></span> <span class='ocrx_word' id='word_1_229' title='bbox 538 3104 635 3155; x_wconf 87' lang='lat' dir='ltr'><strong>bellum</strong></span> <span class='ocrx_word' id='word_1_230' title='bbox 652 3105 720 3157; x_wconf 89' lang='lat' dir='ltr'><strong>enim</strong></span> <span class='ocrx_word' id='word_1_231' title='bbox 733 3122 773 3156; x_wconf 88' lang='lat' dir='ltr'><strong>re-</strong></span> <span class='ocrx_word' id='word_1_232' title='bbox 821 3106 929 3155; x_wconf 85' lang='lat' dir='ltr'><strong>editores</strong></span> <span class='ocrx_word' id='word_1_233' title='bbox 940 3114 1095 3169; x_wconf 82' lang='lat' dir='ltr'><strong>propterea,</strong></span> <span class='ocrx_word' id='word_1_234' title='bbox 1110 3119 1168 3169; x_wconf 69' lang='lat' dir='ltr'><strong>que</strong></span> <span class='ocrx_word' id='word_1_235' title='bbox 1176 3118 1234 3167; x_wconf 83' lang='lat' dir='ltr'><strong>cap.</strong></span> <span class='ocrx_word' id='word_1_236' title='bbox 1248 3106 1275 3152; x_wconf 94' lang='lat' dir='ltr'><strong>ll</strong></span> <span class='ocrx_word' id='word_1_237' title='bbox 1289 3118 1346 3153; x_wconf 77' lang='lat' dir='ltr'><strong>nor·</strong></span> 
     </span>
     <span class='ocr_line' id='line_1_31' title="bbox 247 3168 1346 3234; baseline -0.003 -14"><span class='ocrx_word' id='word_1_238' title='bbox 247 3178 370 3220; x_wconf 75' lang='lat' dir='ltr'><strong>novatum</strong></span> <span class='ocrx_word' id='word_1_239' title='bbox 379 3178 419 3219; x_wconf 79' lang='lat' dir='ltr'><strong>est</strong></span> <span class='ocrx_word' id='word_1_240' title='bbox 431 3170 486 3233; x_wconf 71' lang='lat' dir='ltr'><strong>ipa</strong></span> <span class='ocrx_word' id='word_1_241' title='bbox 499 3170 584 3221; x_wconf 88' lang='lat' dir='ltr'><strong>hieme</strong></span> <span class='ocrx_word' id='word_1_242' title='bbox 594 3170 640 3230; x_wconf 77' lang='lat' dir='ltr'><strong>(ct.</strong></span> <span class='ocrx_word' id='word_1_243' title='bbox 651 3174 678 3231; x_wconf 84' lang='lat'><strong>¹1,</strong></span> <span class='ocrx_word' id='word_1_244' title='bbox 687 3173 772 3233; x_wconf 81' lang='lat'>8-10)=</span> <span class='ocrx_word' id='word_1_245' title='bbox 822 3180 915 3232; x_wconf 81' lang='lat' dir='ltr'><strong>rantur,</strong></span> <span class='ocrx_word' id='word_1_246' title='bbox 938 3178 1095 3233; x_wconf 82' lang='lat' dir='ltr'><strong>receperunt.</strong></span> <span class='ocrx_word' id='word_1_247' title='bbox 1129 3169 1213 3234; x_wconf 76' lang='lat' dir='ltr'><strong>Vulgo</strong></span> <span class='ocrx_word' id='word_1_248' title='bbox 1231 3168 1289 3218; x_wconf 80' lang='grc' dir='ltr'><strong>ΧΠ.</strong></span> <span class='ocrx_word' id='word_1_249' title='bbox 1306 3170 1346 3218; x_wconf 74' lang='grc' dir='ltr'><strong>Π.</strong></span> 
     </span>
     <span class='ocr_line' id='line_1_32' title="bbox 248 3232 1346 3300; baseline -0.001 -16"><span class='ocrx_word' id='word_1_250' title='bbox 248 3244 303 3297; x_wconf 74' lang='lat' dir='ltr'><strong>eut,</strong></span> <span class='ocrx_word' id='word_1_251' title='bbox 315 3234 391 3300; x_wconf 85' lang='lat' dir='ltr'><strong>idque</strong></span> <span class='ocrx_word' id='word_1_252' title='bbox 402 3235 497 3300; x_wconf 61' lang='lat' dir='ltr'><strong>potius</strong></span> <span class='ocrx_word' id='word_1_253' title='bbox 507 3250 566 3285; x_wconf 86' lang='lat' dir='ltr'><strong>enm</strong></span> <span class='ocrx_word' id='word_1_254' title='bbox 575 3235 680 3285; x_wconf 80' lang='lat' dir='ltr'><strong>Clarkio</strong></span> <span class='ocrx_word' id='word_1_255' title='bbox 690 3251 705 3286; x_wconf 94' lang='lat' dir='ltr'><strong>e</strong></span> <span class='ocrx_word' id='word_1_256' title='bbox 714 3238 772 3285; x_wconf 89' lang='lat' dir='ltr'><strong>cod.</strong></span> <span class='ocrx_word' id='word_1_257' title='bbox 823 3236 871 3285; x_wconf 84' lang='lat' dir='ltr'><strong>Sed</strong></span> <span class='ocrx_word' id='word_1_258' title='bbox 883 3236 937 3285; x_wconf 79' lang='lat' dir='ltr'><strong>baec</strong></span> <span class='ocrx_word' id='word_1_259' title='bbox 949 3250 1007 3285; x_wconf 84' lang='lat' dir='ltr'><strong>cum</strong></span> <span class='ocrx_word' id='word_1_260' title='bbox 1018 3234 1134 3285; x_wconf 74' lang='lat' dir='ltr'><strong>Labieno</strong></span> <span class='ocrx_word' id='word_1_261' title='bbox 1150 3243 1207 3284; x_wconf 81' lang='lat' dir='ltr'><strong>erut</strong></span> <span class='ocrx_word' id='word_1_262' title='bbox 1222 3232 1249 3283; x_wconf 89' lang='lat' dir='ltr'><strong>in</strong></span> <span class='ocrx_word' id='word_1_263' title='bbox 1261 3232 1346 3283; x_wconf 86' lang='lat' dir='ltr'><strong>hiber·</strong></span> 
     </span>
     <span class='ocr_line' id='line_1_33' title="bbox 248 3299 1085 3365; baseline 0.001 -17"><span class='ocrx_word' id='word_1_264' title='bbox 248 3299 320 3365; x_wconf 69' lang='lat' dir='ltr'><strong>regio</strong></span> <span class='ocrx_word' id='word_1_265' title='bbox 336 3300 404 3351; x_wconf 78' lang='lat' dir='ltr'><strong>istud</strong></span> <span class='ocrx_word' id='word_1_266' title='bbox 418 3301 591 3352; x_wconf 81' lang='lat' dir='ltr'><strong>atellendum.</strong></span> <span class='ocrx_word' id='word_1_267' title='bbox 608 3303 646 3351; x_wconf 81' lang='lat' dir='ltr'><strong>M.</strong></span> <span class='ocrx_word' id='word_1_268' title='bbox 678 3301 735 3351; x_wconf 82' lang='lat' dir='ltr'><strong>Non</strong></span> <span class='ocrx_word' id='word_1_269' title='bbox 749 3302 774 3350; x_wconf 88' lang='lat' dir='ltr'><strong>id</strong></span> <span class='ocrx_word' id='word_1_270' title='bbox 820 3300 869 3351; x_wconf 83' lang='lat' dir='ltr'><strong>nis.</strong></span> <span class='ocrx_word' id='word_1_271' title='bbox 903 3300 1085 3364; x_wconf 78' lang='lat' dir='ltr'><strong>Vid.cap.24.</strong></span> 
     </span>
     <span class='ocr_line' id='line_1_34' title="bbox 249 3363 1346 3431; baseline -0.004 -16"><span class='ocrx_word' id='word_1_272' title='bbox 249 3364 456 3426; x_wconf 62' lang='lat' dir='ltr'><strong>rescensendo</strong></span> <span class='ocrx_word' id='word_1_273' title='bbox 471 3363 601 3431; x_wconf 81' lang='lat' dir='ltr'><strong>supeiiore</strong></span> <span class='ocrx_word' id='word_1_274' title='bbox 619 3374 705 3415; x_wconf 71' lang='lat' dir='ltr'><strong>astate</strong></span> <span class='ocrx_word' id='word_1_275' title='bbox 722 3380 774 3416; x_wconf 88' lang='lat' dir='ltr'><strong>non</strong></span> <span class='ocrx_word' id='word_1_276' title='bbox 856 3366 896 3415; x_wconf 78' lang='lat' dir='ltr'><strong>Ad</strong></span> <span class='ocrx_word' id='word_1_277' title='bbox 921 3366 1099 3431; x_wconf 78' lang='lat' dir='ltr'><strong>inpedimento.</strong></span> <span class='ocrx_word' id='word_1_278' title='bbox 1140 3364 1226 3428; x_wconf 69' lang='lat' dir='ltr'><strong>volgo</strong></span> <span class='ocrx_word' id='word_1_279' title='bbox 1252 3364 1346 3415; x_wconf 74' lang='lat' dir='ltr'><strong>sudum</strong></span> 
     </span>
     <span class='ocr_line' id='line_1_35' title="bbox 250 3426 1346 3497; baseline -0.003 -17"><span class='ocrx_word' id='word_1_280' title='bbox 250 3432 306 3494; x_wconf 81' lang='lat' dir='ltr'><strong>ejus</strong></span> <span class='ocrx_word' id='word_1_281' title='bbox 327 3431 395 3491; x_wconf 85' lang='lat' dir='ltr'><strong>anui,</strong></span> <span class='ocrx_word' id='word_1_282' title='bbox 417 3432 461 3480; x_wconf 78' lang='lat' dir='ltr'><strong>sed</strong></span> <span class='ocrx_word' id='word_1_283' title='bbox 488 3431 654 3495; x_wconf 68' lang='lat' dir='ltr'><strong>precedentis</strong></span> <span class='ocrx_word' id='word_1_284' title='bbox 677 3430 774 3497; x_wconf 79' lang='lat' dir='ltr'><strong>capias,</strong></span> <span class='ocrx_word' id='word_1_285' title='bbox 821 3431 928 3482; x_wconf 69' lang='lat' dir='ltr'><strong>menda.</strong></span> <span class='ocrx_word' id='word_1_286' title='bbox 961 3430 1055 3482; x_wconf 87' lang='lat' dir='ltr'><strong>Verum</strong></span> <span class='ocrx_word' id='word_1_287' title='bbox 1072 3431 1122 3481; x_wconf 89' lang='lat' dir='ltr'><strong>hoc</strong></span> <span class='ocrx_word' id='word_1_288' title='bbox 1139 3432 1251 3495; x_wconf 82' lang='lat' dir='ltr'><strong>glossam</strong></span> <span class='ocrx_word' id='word_1_289' title='bbox 1269 3426 1346 3494; x_wconf 77' lang='lat' dir='ltr'><strong>sepit.</strong></span> 
     </span>
     <span class='ocr_line' id='line_1_36' title="bbox 251 3494 1205 3560; baseline -0.001 -15"><span class='ocrx_word' id='word_1_290' title='bbox 251 3494 315 3556; x_wconf 85' lang='lat' dir='ltr'><strong>imo,</strong></span> <span class='ocrx_word' id='word_1_291' title='bbox 330 3496 352 3545; x_wconf 87' lang='lat' dir='ltr'><strong>si</strong></span> <span class='ocrx_word' id='word_1_292' title='bbox 364 3494 446 3555; x_wconf 80' lang='lat' dir='ltr'><strong>malis,</strong></span> <span class='ocrx_word' id='word_1_293' title='bbox 462 3495 517 3559; x_wconf 81' lang='lat' dir='ltr'><strong>ipse</strong></span> <span class='ocrx_word' id='word_1_294' title='bbox 527 3495 669 3546; x_wconf 72' lang='lat' dir='ltr'><strong>ermanni</strong></span> <span class='ocrx_word' id='word_1_295' title='bbox 680 3512 776 3560; x_wconf 68' lang='lat' dir='ltr'><strong>praee-</strong></span> <span class='ocrx_word' id='word_1_296' title='bbox 823 3494 850 3545; x_wconf 88' lang='lat' dir='ltr'><strong>in</strong></span> <span class='ocrx_word' id='word_1_297' title='bbox 861 3496 919 3547; x_wconf 84' lang='lat' dir='ltr'><strong>cod.</strong></span> <span class='ocrx_word' id='word_1_298' title='bbox 930 3495 1030 3545; x_wconf 78' lang='lat' dir='ltr'><strong>Andino</strong></span> <span class='ocrx_word' id='word_1_299' title='bbox 1040 3497 1118 3545; x_wconf 84' lang='lat' dir='ltr'><strong>deest.</strong></span> <span class='ocrx_word' id='word_1_300' title='bbox 1129 3496 1205 3545; x_wconf 88' lang='lat' dir='ltr'><strong>bene.</strong></span> 
     </span>
    </p>

    <p class='ocr_par' dir='ltr' id='par_1_13' title="bbox 184 3559 1346 3627">
     <span class='ocr_line' id='line_1_37' title="bbox 184 3559 1346 3627; baseline -0.005 -16"><span class='ocrx_word' id='word_1_301' title='bbox 184 3587 186 3596; x_wconf 85' lang='lat'><em>=</em></span> <span class='ocrx_word' id='word_1_302' title='bbox 249 3560 333 3611; x_wconf 80' lang='lat' dir='ltr'><strong>dentis</strong></span> <span class='ocrx_word' id='word_1_303' title='bbox 344 3559 450 3623; x_wconf 75' lang='lat' dir='ltr'><strong>intelligi</strong></span> <span class='ocrx_word' id='word_1_304' title='bbox 461 3570 553 3625; x_wconf 83' lang='lat' dir='ltr'><strong>potest.</strong></span> <span class='ocrx_word' id='word_1_305' title='bbox 857 3564 1031 3627; x_wconf 62' lang='lat' dir='ltr'><strong>Dtrjeet&#39;uque.</strong></span> <span class='ocrx_word' id='word_1_306' title='bbox 1051 3560 1346 3623; x_wconf 67' lang='lat' dir='ltr'><strong>Aliimaledejeotr&#39;ceroe.</strong></span> 
     </span>
    </p>

    <p class='ocr_par' dir='ltr' id='par_1_14' title="bbox 246 3622 1346 3744">
     <span class='ocr_line' id='line_1_38' title="bbox 286 3622 1346 3690; baseline -0.006 -13"><span class='ocrx_word' id='word_1_307' title='bbox 286 3627 376 3677; x_wconf 60' lang='lat' dir='ltr'><strong>Rosia&amp;</strong></span> <span class='ocrx_word' id='word_1_308' title='bbox 390 3641 461 3690; x_wconf 71' lang='lat' dir='ltr'><strong>poue</strong></span> <span class='ocrx_word' id='word_1_309' title='bbox 480 3626 611 3677; x_wconf 69' lang='lat' dir='ltr'><strong>nomm.</strong></span> <span class='ocrx_word' id='word_1_310' title='bbox 643 3624 712 3677; x_wconf 76' lang='lat' dir='ltr'><strong>Male</strong></span> <span class='ocrx_word' id='word_1_311' title='bbox 727 3626 775 3679; x_wconf 82' lang='lat' dir='ltr'><strong>alii</strong></span> <span class='ocrx_word' id='word_1_312' title='bbox 823 3624 885 3675; x_wconf 83' lang='lat' dir='ltr'><strong>vid.</strong></span> <span class='ocrx_word' id='word_1_313' title='bbox 901 3626 955 3675; x_wconf 86' lang='lat' dir='ltr'><strong>Iud.</strong></span> <span class='ocrx_word' id='word_1_314' title='bbox 987 3625 1049 3677; x_wconf 86' lang='lat' dir='ltr'><strong>Mox</strong></span> <span class='ocrx_word' id='word_1_315' title='bbox 1070 3626 1191 3685; x_wconf 64' lang='lat' dir='ltr'><strong>acatius,</strong></span> <span class='ocrx_word' id='word_1_316' title='bbox 1211 3622 1295 3688; x_wconf 83' lang='lat' dir='ltr'><strong>plene,</strong></span> <span class='ocrx_word' id='word_1_317' title='bbox 1319 3630 1346 3671; x_wconf 82' lang='lat' dir='ltr'><strong>ut</strong></span> 
     </span>
     <span class='ocr_line' id='line_1_39' title="bbox 246 3689 989 3744; baseline -0.004 -1"><span class='ocrx_word' id='word_1_318' title='bbox 246 3692 408 3744; x_wconf 68' lang='lat' dir='ltr'><strong>aliom-</strong></span> <span class='ocrx_word' id='word_1_319' title='bbox 821 3689 989 3741; x_wconf 71' lang='lat' dir='ltr'><strong>Cesarsolet.</strong></span> 
     </span>
    </p>

    <p class='ocr_par' dir='ltr' id='par_1_15' title="bbox 251 3752 1347 3885">
     <span class='ocr_line' id='line_1_40' title="bbox 286 3752 1347 3821; baseline -0.004 -16"><span class='ocrx_word' id='word_1_320' title='bbox 286 3754 560 3821; x_wconf 66' lang='lat' dir='ltr'><strong>luissentcoepinent.</strong></span> <span class='ocrx_word' id='word_1_321' title='bbox 586 3755 628 3806; x_wconf 87' lang='lat' dir='ltr'><strong>Sic</strong></span> <span class='ocrx_word' id='word_1_322' title='bbox 639 3758 691 3807; x_wconf 85' lang='lat' dir='ltr'><strong>duo</strong></span> <span class='ocrx_word' id='word_1_323' title='bbox 700 3758 774 3809; x_wconf 85' lang='lat' dir='ltr'><strong>codd.</strong></span> <span class='ocrx_word' id='word_1_324' title='bbox 857 3758 1010 3807; x_wconf 66' lang='lat' dir='ltr'><strong>Inmordom&#39;s</strong></span> <span class='ocrx_word' id='word_1_325' title='bbox 1023 3761 1085 3819; x_wconf 85' lang='lat' dir='ltr'><strong>puto</strong></span> <span class='ocrx_word' id='word_1_326' title='bbox 1096 3754 1247 3805; x_wconf 80' lang='lat' dir='ltr'><strong>delendum:</strong></span> <span class='ocrx_word' id='word_1_327' title='bbox 1264 3752 1347 3803; x_wconf 84' lang='lat' dir='ltr'><strong>voluit</strong></span> 
     </span>
     <span class='ocr_line' id='line_1_41' title="bbox 251 3820 1345 3885; baseline -0.005 -14"><span class='ocrx_word' id='word_1_328' title='bbox 251 3821 356 3884; x_wconf 80' lang='lat' dir='ltr'><strong>optInri.</strong></span> <span class='ocrx_word' id='word_1_329' title='bbox 388 3821 595 3873; x_wconf 66' lang='lat' dir='ltr'><strong>Alliensem.</strong></span> <span class='ocrx_word' id='word_1_330' title='bbox 611 3824 651 3871; x_wconf 78' lang='grc' dir='ltr'><strong>Μ.</strong></span> <span class='ocrx_word' id='word_1_331' title='bbox 822 3820 915 3885; x_wconf 80' lang='lat' dir='ltr'><strong>aliquis</strong></span> <span class='ocrx_word' id='word_1_332' title='bbox 941 3820 1066 3885; x_wconf 81' lang='lat' dir='ltr'><strong>explicare</strong></span> <span class='ocrx_word' id='word_1_333' title='bbox 1095 3824 1120 3871; x_wconf 76' lang='lat' dir='ltr'><strong>ai</strong></span> <span class='ocrx_word' id='word_1_334' title='bbox 1154 3825 1200 3871; x_wconf 71' lang='lat' dir='ltr'><strong>arn</strong></span> <span class='ocrx_word' id='word_1_335' title='bbox 1227 3820 1345 3876; x_wconf 66' lang='lat' dir='ltr'><strong>Maium,</strong></span> 
     </span>
    </p>

    <p class='ocr_par' dir='ltr' id='par_1_16' title="bbox 250 3882 1349 4144">
     <span class='ocr_line' id='line_1_42' title="bbox 290 3882 1346 3951; baseline -0.005 -15"><span class='ocrx_word' id='word_1_336' title='bbox 290 3886 347 3937; x_wconf 77' lang='lat' dir='ltr'><strong>Tuli</strong></span> <span class='ocrx_word' id='word_1_337' title='bbox 372 3902 454 3946; x_wconf 75' lang='lat' dir='ltr'><strong>moro,</strong></span> <span class='ocrx_word' id='word_1_338' title='bbox 485 3887 662 3951; x_wconf 74' lang='lat' dir='ltr'><strong>exspectando,</strong></span> <span class='ocrx_word' id='word_1_339' title='bbox 693 3889 775 3938; x_wconf 83' lang='lat' dir='ltr'><strong>donec</strong></span> <span class='ocrx_word' id='word_1_340' title='bbox 822 3888 891 3950; x_wconf 90' lang='lat' dir='ltr'><strong>quod</strong></span> <span class='ocrx_word' id='word_1_341' title='bbox 911 3902 967 3935; x_wconf 77' lang='lat' dir='ltr'><strong>esse</strong></span> <span class='ocrx_word' id='word_1_342' title='bbox 990 3893 1072 3950; x_wconf 77' lang='lat' dir='ltr'><strong>potest</strong></span> <span class='ocrx_word' id='word_1_343' title='bbox 1090 3900 1120 3935; x_wconf 82' lang='lat' dir='ltr'><strong>ve</strong></span> <span class='ocrx_word' id='word_1_344' title='bbox 1149 3884 1260 3948; x_wconf 81' lang='lat' dir='ltr'><strong>signum,</strong></span> <span class='ocrx_word' id='word_1_345' title='bbox 1278 3882 1346 3946; x_wconf 88' lang='lat' dir='ltr'><strong>quod</strong></span> 
     </span>
     <span class='ocr_line' id='line_1_43' title="bbox 252 3947 1347 4019; baseline -0.002 -20"><span class='ocrx_word' id='word_1_346' title='bbox 252 3952 398 4015; x_wconf 80' lang='lat' dir='ltr'><strong>complures</strong></span> <span class='ocrx_word' id='word_1_347' title='bbox 424 3952 559 4013; x_wconf 78' lang='lat' dir='ltr'><strong>exercitus,</strong></span> <span class='ocrx_word' id='word_1_348' title='bbox 583 3949 689 4002; x_wconf 78' lang='lat' dir='ltr'><strong>diversis</strong></span> <span class='ocrx_word' id='word_1_349' title='bbox 711 3952 776 4001; x_wconf 86' lang='lat' dir='ltr'><strong>locis</strong></span> <span class='ocrx_word' id='word_1_350' title='bbox 823 3952 912 4019; x_wconf 68' lang='lat' dir='ltr'><strong>hostes</strong></span> <span class='ocrx_word' id='word_1_351' title='bbox 918 3952 986 4010; x_wconf 80' lang='lat' dir='ltr'><strong>dant,</strong></span> <span class='ocrx_word' id='word_1_352' title='bbox 995 3951 1032 4011; x_wconf 88' lang='lat' dir='ltr'><strong>(et</strong></span> <span class='ocrx_word' id='word_1_353' title='bbox 1042 3952 1078 4001; x_wconf 85' lang='lat' dir='ltr'><strong>sic</strong></span> <span class='ocrx_word' id='word_1_354' title='bbox 1086 3949 1197 4014; x_wconf 84' lang='lat' dir='ltr'><strong>ceperim</strong></span> <span class='ocrx_word' id='word_1_355' title='bbox 1208 3948 1258 3997; x_wconf 88' lang='lat' dir='ltr'><strong>boe</strong></span> <span class='ocrx_word' id='word_1_356' title='bbox 1267 3947 1347 4006; x_wconf 67' lang='lat' dir='ltr'><strong>loco)</strong></span> 
     </span>
     <span class='ocr_line' id='line_1_44' title="bbox 250 4012 1346 4079; baseline -0.004 -16"><span class='ocrx_word' id='word_1_357' title='bbox 250 4014 370 4065; x_wconf 72' lang='lat' dir='ltr'><strong>adversm</strong></span> <span class='ocrx_word' id='word_1_358' title='bbox 381 4016 512 4067; x_wconf 77' lang='lat' dir='ltr'><strong>Romanos</strong></span> <span class='ocrx_word' id='word_1_359' title='bbox 521 4016 654 4078; x_wconf 58' lang='lat' dir='ltr'><strong>musaea</strong></span> <span class='ocrx_word' id='word_1_360' title='bbox 663 4033 709 4067; x_wconf 80' lang='lat' dir='ltr'><strong>eos</strong></span> <span class='ocrx_word' id='word_1_361' title='bbox 719 4032 776 4067; x_wconf 78' lang='lat' dir='ltr'><strong>een·</strong></span> <span class='ocrx_word' id='word_1_362' title='bbox 822 4017 874 4077; x_wconf 81' lang='lat' dir='ltr'><strong>uel,</strong></span> <span class='ocrx_word' id='word_1_363' title='bbox 894 4032 910 4067; x_wconf 88' lang='lat' dir='ltr'><strong>e</strong></span> <span class='ocrx_word' id='word_1_364' title='bbox 930 4031 980 4079; x_wconf 87' lang='lat' dir='ltr'><strong>quo</strong></span> <span class='ocrx_word' id='word_1_365' title='bbox 1003 4014 1151 4079; x_wconf 78' lang='lat' dir='ltr'><strong>iutelligitnr</strong></span> <span class='ocrx_word' id='word_1_366' title='bbox 1173 4012 1287 4077; x_wconf 75' lang='lat' dir='ltr'><strong>hostium</strong></span> <span class='ocrx_word' id='word_1_367' title='bbox 1308 4012 1346 4059; x_wconf 90' lang='lat' dir='ltr'><strong>in-</strong></span> 
     </span>
     <span class='ocr_line' id='line_1_45' title="bbox 250 4078 1349 4144; baseline -0.004 -13"><span class='ocrx_word' id='word_1_368' title='bbox 250 4079 302 4131; x_wconf 73' lang='lat' dir='ltr'><strong>·im</strong></span> <span class='ocrx_word' id='word_1_369' title='bbox 312 4079 494 4131; x_wconf 77' lang='lat' dir='ltr'><strong>debilitassent.</strong></span> <span class='ocrx_word' id='word_1_370' title='bbox 510 4084 549 4131; x_wconf 76' lang='lat' dir='ltr'><strong>M.</strong></span> <span class='ocrx_word' id='word_1_371' title='bbox 822 4080 918 4131; x_wconf 77' lang='lat' dir='ltr'><strong>cureio:</strong></span> <span class='ocrx_word' id='word_1_372' title='bbox 930 4080 1114 4144; x_wconf 76' lang='lat' dir='ltr'><strong>adscripsitque</strong></span> <span class='ocrx_word' id='word_1_373' title='bbox 1123 4078 1180 4128; x_wconf 87' lang='lat' dir='ltr'><strong>ideo</strong></span> <span class='ocrx_word' id='word_1_374' title='bbox 1188 4080 1349 4137; x_wconf 62' lang='lat' dir='ltr'><strong>marsone,</strong></span> 
     </span>
    </p>

    <p class='ocr_par' dir='ltr' id='par_1_17' title="bbox 250 4142 1348 4343">
     <span class='ocr_line' id='line_1_46' title="bbox 286 4142 1348 4211; baseline -0.007 -14"><span class='ocrx_word' id='word_1_375' title='bbox 286 4145 408 4209; x_wconf 58' lang='lat' dir='ltr'><strong>Meci,</strong></span> <span class='ocrx_word' id='word_1_376' title='bbox 417 4146 465 4195; x_wconf 86' lang='lat' dir='ltr'><strong>alii</strong></span> <span class='ocrx_word' id='word_1_377' title='bbox 472 4149 586 4211; x_wconf 66' lang='grc' dir='ltr'><strong>Μιϋ,</strong></span> <span class='ocrx_word' id='word_1_378' title='bbox 597 4147 667 4210; x_wconf 84' lang='lat' dir='ltr'><strong>quod</strong></span> <span class='ocrx_word' id='word_1_379' title='bbox 677 4146 777 4210; x_wconf 59' lang='lat' dir='ltr'><strong>prefert</strong></span> <span class='ocrx_word' id='word_1_380' title='bbox 822 4155 851 4195; x_wconf 84' lang='lat' dir='ltr'><strong>ut</strong></span> <span class='ocrx_word' id='word_1_381' title='bbox 861 4148 926 4196; x_wconf 82' lang='lat' dir='ltr'><strong>adeo</strong></span> <span class='ocrx_word' id='word_1_382' title='bbox 936 4146 969 4196; x_wconf 82' lang='lat' dir='ltr'><strong>sit</strong></span> <span class='ocrx_word' id='word_1_383' title='bbox 977 4150 999 4195; x_wconf 75' lang='lat' dir='ltr'><strong>u·</strong></span> <span class='ocrx_word' id='word_1_384' title='bbox 1036 4149 1146 4195; x_wconf 53' lang='lat' dir='ltr'><strong>Arcaea.</strong></span> <span class='ocrx_word' id='word_1_385' title='bbox 1157 4146 1219 4194; x_wconf 75' lang='lat' dir='ltr'><strong>nost.</strong></span> <span class='ocrx_word' id='word_1_386' title='bbox 1241 4142 1348 4193; x_wconf 78' lang='lat' dir='ltr'><strong>Servom</strong></span> 
     </span>
     <span class='ocr_line' id='line_1_47' title="bbox 250 4206 1346 4281; baseline -0.009 -14"><span class='ocrx_word' id='word_1_387' title='bbox 250 4206 352 4271; x_wconf 59' lang='grc' dir='ltr'><strong>ΜΘ,</strong></span> <span class='ocrx_word' id='word_1_388' title='bbox 367 4212 413 4265; x_wconf 75' lang='lat' dir='ltr'><strong>ted</strong></span> <span class='ocrx_word' id='word_1_389' title='bbox 424 4226 493 4281; x_wconf 72' lang='lat' dir='ltr'><strong>stepo</strong></span> <span class='ocrx_word' id='word_1_390' title='bbox 504 4212 616 4266; x_wconf 70' lang='lat' dir='ltr'><strong>uriom</strong></span> <span class='ocrx_word' id='word_1_391' title='bbox 630 4219 732 4280; x_wconf 75' lang='lat' dir='ltr'><strong>tempus</strong></span> <span class='ocrx_word' id='word_1_392' title='bbox 748 4212 774 4266; x_wconf 84' lang='lat' dir='ltr'><strong>in</strong></span> <span class='ocrx_word' id='word_1_393' title='bbox 821 4211 926 4276; x_wconf 85' lang='lat' dir='ltr'><strong>quidem</strong></span> <span class='ocrx_word' id='word_1_394' title='bbox 941 4212 989 4259; x_wconf 88' lang='lat' dir='ltr'><strong>cod</strong></span> <span class='ocrx_word' id='word_1_395' title='bbox 1009 4210 1078 4261; x_wconf 87' lang='lat' dir='ltr'><strong>.hoo</strong></span> <span class='ocrx_word' id='word_1_396' title='bbox 1089 4208 1209 4269; x_wconf 63' lang='lat' dir='ltr'><strong>verberor</strong></span> <span class='ocrx_word' id='word_1_397' title='bbox 1227 4209 1271 4258; x_wconf 85' lang='lat' dir='ltr'><strong>sed</strong></span> <span class='ocrx_word' id='word_1_398' title='bbox 1281 4222 1346 4257; x_wconf 80' lang='lat' dir='ltr'><strong>unus</strong></span> 
     </span>
     <span class='ocr_line' id='line_1_48' title="bbox 251 4273 1347 4343; baseline -0.004 -12"><span class='ocrx_word' id='word_1_399' title='bbox 251 4274 401 4331; x_wconf 68' lang='lat' dir='ltr'><strong>unctione</strong></span> <span class='ocrx_word' id='word_1_400' title='bbox 821 4278 904 4331; x_wconf 80' lang='lat' dir='ltr'><strong>codex</strong></span> <span class='ocrx_word' id='word_1_401' title='bbox 912 4275 1032 4343; x_wconf 79' lang='lat' dir='ltr'><strong>antiquus</strong></span> <span class='ocrx_word' id='word_1_402' title='bbox 1045 4283 1072 4330; x_wconf 84' lang='lat' dir='ltr'><strong>et</strong></span> <span class='ocrx_word' id='word_1_403' title='bbox 1081 4274 1163 4329; x_wconf 78' lang='lat' dir='ltr'><strong>bonus</strong></span> <span class='ocrx_word' id='word_1_404' title='bbox 1173 4273 1347 4327; x_wconf 65' lang='lat' dir='ltr'><strong>habetem·</strong></span> 
     </span>
    </p>
   </div>
   <div class='ocr_carea' id='block_1_6' title="bbox 0 0 1460 4809">
    <p class='ocr_par' dir='ltr' id='par_1_18' title="bbox 0 0 1460 4809">
     <span class='ocr_line' id='line_1_49' title="bbox 0 0 1460 4809; baseline 0 0"><span class='ocrx_word' id='word_1_405' title='bbox 0 0 1460 4809; x_wconf 95' lang='lat' dir='ltr'><strong> </strong></span> 
     </span>
    </p>
   </div>
  </div>
 </body>
</html>
