2909 4809
233 266 278 333 aa
521 260 611 388 lna
634 257 787 331 nanno
810 215 1031 331 astuto.

232 448 375 533 omnium
389 461 522 527 mentes,
536 472 641 517 summ
685 474 725 516 ue
737 434 885 517 alacritas
898 462 932 516 et
944 472 985 516 cu
1011 449 1103 516 iditas
1113 447 1193 515 belli
1204 446 1340 552 gerendi

232 538 342 604 innata
354 550 415 614 est,
437 538 651 628 princepsqne
724 538 885 641 inmlegio
899 559 960 640 per
1003 536 1137 603 ribunos
1151 536 1293 602 militum
1308 538 1340 603 ei

234 624 354 714 gratiss
367 625 446 715 egit,
461 626 551 713 quod
564 624 604 690 de
618 648 651 691 se
666 624 827 714 optimum
838 624 993 713 judicium
1009 624 1143 700 fecisset,
1157 646 1256 725 seque
1270 646 1341 689 esse

233 712 275 778 ad
289 711 412 777 bellum
432 712 608 799 gerendum
632 711 866 813 paratissimam
888 709 1101 777 confirmavit.
1131 710 1272 778 ,Deinde
1287 734 1341 777 re-

164 874 167 885 1
234 798 333 887 liquae
355 797 495 886 legiones
518 820 578 889 per
592 797 757 864 Tribunos
777 798 918 863 militum
940 810 975 863 et
989 797 1170 886 primurm
1185 796 1340 863 ordinum

236 884 449 953 Centuriones
476 898 626 974 egerunt,
656 886 707 952 uti
737 884 857 951 Oaesari
891 884 1131 951 ntisfacerent:
1168 906 1202 948 se
1230 906 1341 973 neque

234 994 390 1062 umquam
413 970 588 1048 dubitasse,
614 994 720 1060 neque
744 971 897 1047 timuisse,
923 993 1029 1073 neque
1049 970 1095 1046 de
1111 992 1237 1035 summa
1258 970 1342 1036 belli

233 1080 328 1123 suum
348 1058 517 1146 judicium,
540 1059 595 1126 sed
615 1056 825 1148 Imperatoris
838 1057 1166 1133 memorantes
1210 1056 1340 1123 Eorum

232 1144 447 1211 satisfactione
458 1157 590 1235 accepta
603 1158 637 1212 et
649 1146 763 1211 itinere
774 1167 813 1210 ex
837 1145 934 1211 uisito
948 1166 1009 1233 per
1021 1144 1232 1220 Divitiacum,
1246 1144 1340 1233 quod

233 1252 274 1295 ex
288 1228 392 1297 Gallis
402 1232 432 1297 ei
443 1232 612 1300 maximam
625 1231 720 1298 fidem
733 1230 816 1297 babe
859 1245 886 1308 t,
898 1244 938 1296 nt
951 1230 1077 1297 milium
1087 1230 1227 1320 amplius
1240 1231 1338 1319 quin·

234 1342 300 1414 qus
325 1318 333 1333 '
358 1328 392 1385 ta
405 1316 545 1385 circuitu
567 1318 678 1386 locisa
721 1318 780 1385 rtis
799 1318 978 1385 exercitum
997 1318 1142 1394 duceret,
1161 1316 1203 1384 de
1217 1330 1341 1407 quarta

234 1404 356 1495 vigila,
380 1418 419 1471 ut
443 1404 581 1481 dixerat,
605 1343 771 1495 proditus
791 1419 852 1472 est.
898 1404 1046 1493 Septimo
1064 1404 1128 1480 die,
1145 1427 1253 1494 quum
1273 1405 1339 1470 iter

234 1512 299 1559 non
314 1492 553 1568 intermitteret,
576 1491 619 1558 ab
633 1492 895 1581 exploratoribus
908 1492 1029 1557 certior
1048 1492 1151 1572 sactus
1162 1503 1223 1566 est,
1240 1492 1339 1557 Ario-

234 1578 309 1645 visti
319 1602 358 1645 co
384 1578 726 1647 iasanostrismilibus
735 1601 888 1668 passuum
896 1589 1039 1681 quatuor
1049 1578 1338 1666 etvigintiabesse.

277 1666 332 1731 42.
357 1602 499 1755 Eognito
525 1666 658 1733 Caesaris
681 1666 845 1743 adventu,
860 1664 1043 1732 Ariovistus
1065 1664 1077 1730 l
1137 1677 1188 1731 tos
1207 1664 1248 1731 ad
1261 1688 1339 1731 eum

234 1752 352 1819 mittit:
376 1753 466 1842 quod
477 1764 572 1855 anteg
593 1753 634 1819 de
649 1752 823 1841 conloquio
843 1752 1049 1841 postulasset,
1073 1752 1081 1767 “
1128 1772 1189 1840 per
1209 1775 1243 1817 se
1266 1750 1338 1819 lieri

233 1838 342 1918 licere,
366 1839 518 1928 quoniam
542 1839 678 1930 propius
701 1838 892 1905 accessisset:
922 1861 1022 1927 seque
1041 1837 1076 1903 id
1102 1837 1169 1903 sine
1189 1831 1339 1927 pericirlo
1380 1846 1388 1868 ⁴

234 1926 339 1993 facere
365 1950 457 2015 posse
482 1926 671 1993 existimare.
718 1926 798 1992 Non
821 1926 946 2013 respuit
970 1924 1183 1992 conditionem
1209 1925 1337 1991 Gaesar:

231 2012 363 2101 jamque
373 2036 449 2079 eum
463 2013 504 2079 ad
515 2014 682 2080 sanitatem
694 2011 816 2079 reverti
825 2011 1060 2088 arbitrabatur,
1073 2034 1178 2100 quum
1188 2011 1233 2087 id,
1244 2011 1338 2099 quod

234 2113 329 2167 antea
352 2100 476 2188 petenti
497 2098 693 2189 denegasset,
714 2099 806 2166 ultro
850 2098 1052 2172 ollioeretur;
1073 2118 1289 2187 magnamque
1304 2099 1357 2164 inv

234 2208 325 2274 spem
349 2185 510 2262 veniebat,
536 2210 599 2287 pro
622 2187 689 2251 suis
708 2186 807 2251 tantis
825 2122 880 2251 l'o
905 2184 1016 2273 uliq'de
1040 2183 1179 2250 Romani
1201 2184 1235 2250 iu
1260 2186 1345 2251 enm'

235 2270 405 2347 beneficiis,
429 2270 565 2362 cognitis
587 2272 651 2337 suis
669 2271 858 2374 postulatis,
880 2209 963 2347 iore,
987 2270 1038 2337 uti
1046 2270 1228 2371 pertinacia
1241 2270 1338 2337 desis-
1357 2296 1371 2325 ι

234 2370 330 2425 teret.
369 2359 447 2426 Dies
461 2358 634 2448 conloquio
645 2357 750 2425 dictrrs
761 2370 822 2435 est,
833 2358 986 2425 exeodie
999 2368 1142 2446 quantus.
1187 2355 1337 2437 Interim,

236 2470 338 2533 quum
352 2469 436 2535 saepe
449 2445 539 2513 ultro
553 2448 701 2533 citroque
715 2444 816 2535 legati
835 2446 919 2515 inter
935 2469 989 2511 eos
1003 2444 1222 2521 mitterentur,
1239 2445 1337 2512 Ario-

235 2533 337 2599 vistus
359 2530 549 2623 postulavit,
573 2554 613 2599 ne
639 2554 737 2621 quem
762 2532 904 2635 peditem
928 2532 971 2599 ad
993 2530 1201 2618 conloquium
1227 2532 1337 2598 Casar

235 2618 423 2686 adduceret:
447 2620 550 2687 vereri
564 2643 609 2695 se,
632 2641 672 2686 ne
686 2641 747 2708 per
761 2619 886 2685 insidias
908 2618 952 2685 ab
972 2642 1012 2685 eo
1028 2616 1336 2685 circumveniretur:

236 2719 375 2796 uterque
394 2730 468 2773 cum
489 2706 640 2796 equitatu
654 2706 794 2773 veniret:
816 2706 880 2771 alia
898 2706 1022 2773 ratione
1038 2728 1073 2771 se
1092 2726 1157 2771 uon
1180 2728 1247 2770 esoe
1259 2728 1338 2772 ren·

234 2806 358 2859 turum.
404 2794 522 2871 Cesar,
548 2792 638 2883 quod
657 2815 761 2881 neque
782 2793 857 2859 conl
902 2794 990 2860 uiam
1014 2788 1205 2881 interposita
1226 2815 1339 2861 caum

234 2878 307 2944 tolli
323 2878 465 2958 volebat,
489 2904 593 2970 neque
611 2880 751 2947 salutem
768 2902 859 2946 suam
927 2880 1048 2945 llorum
1067 2877 1230 2966 equitatui
1249 2903 1337 2947 com·

235 2964 363 3031 mittere
376 2967 528 3043 audebat,
549 2966 838 3035 commodissimum
858 2965 1062 3040 essestatuit,
1080 2964 1231 3031 omnibus
1244 2969 1339 3056 equis

206 3078 211 3085 ·
239 3052 343 3116 Gallis
369 3048 536 3143 equitibus
567 3054 731 3131 detractis,
764 3076 803 3119 eo
833 3052 1024 3141 legionarios
1056 3051 1174 3117 milites
1200 3052 1338 3141 legionis

234 3136 375 3214 deense,
402 3140 455 3206 oui
477 3163 576 3228 quam
598 3140 734 3205 maxime
756 3138 949 3215 confidebat,
975 3138 1139 3227 inponere,
1163 3150 1203 3203 ut
1252 3142 1337 3206 mi-

233 3224 324 3291 dium
347 3248 446 3315 quarn
465 3226 697 3303 amicissimum,
719 3226 845 3315 siquid
859 3248 943 3327 opus
963 3226 1049 3291 iacto
1071 3236 1165 3301 esset,
1186 3224 1227 3290 ha
1271 3241 1335 3295 ret.

237 3310 335 3388 Quod
349 3336 453 3402 quum
465 3312 569 3391 lieret,
580 3336 645 3380 non
659 3313 828 3380 inridicule
839 3312 972 3403 quidam
984 3336 1025 3378 ex
1038 3310 1196 3377 militibus
1204 3311 1337 3381 decimas

269 3480 319 3529 Per
332 3480 403 3530 M.
413 3504 489 3517 --
501 3482 668 3531 Centum.
689 3478 761 3529 Hanc
809 3481 918 3541 additur,
939 3480 1025 3538 nata,
1044 3486 1072 3528 ut
1089 3493 1149 3527 rnox
1167 3478 1338 3545 quadram

233 3542 371 3594 lectionem
387 3544 553 3609 metaphrasis
568 3544 612 3594 Gr.
627 3543 761 3607 expressit.
830 3542 1108 3611 mmmmm.
1135 3542 1253 3592 Davisius
1263 3554 1338 3607 putat

237 3608 284 3658 Sed
304 3608 329 3659 in
347 3609 478 3675 plerisque
493 3610 567 3659 codd.
580 3607 686 3674 legitur:
701 3624 762 3658 cusa
808 3562 943 3676 legendum
956 3611 1042 3670 Gallis,
1051 3608 1135 3659 deleto
1145 3609 1296 3658 adiabene.

239 3672 356 3725 vestano
373 3690 409 3725 ιιι.
427 3683 451 3725 et
463 3690 505 3739 pr.
521 3690 545 3723 o.
563 3676 762 3724 caecumine:
844 3676 1015 3739 namnetas
1030 3676 1220 3739 monoptota.
1251 3673 1355 3739 Maio·-

234 3737 649 3855 fflffeptipsalectipl'ctomprpdbrpm
659 3754 761 3789 sensum
809 3756 862 3854 spelm
875 3737 1204 3869 didieqoddmwm'hm
1222 3736 1337 3788 Gnaeus.

313 3822 389 3864 ,nem
435 3819 532 3854 mites
558 3819 593 3853 er
627 3819 762 3854 rossecum
844 3822 863 3854 ιι
1112 3836 1120 3851 .

234 3868 353 3931 ducibus,
385 3820 611 3921 idmodocaesari
622 3868 763 3918 satisface-
844 3871 899 3919 ml.
909 3811 1135 3945 ponam&
1147 3869 1242 3932 osona
1274 3864 1338 3919 Clu·

234 3942 298 3982 rent.
310 3936 349 3983 Μ.
432 3945 486 3985 tum
495 3934 628 3999 legendum
639 3930 762 3998 deinceps
808 3933 893 3985 verius
908 3949 935 3984 ιιι
953 3932 1081 3997 prooemio
1092 3930 1177 3981 Gerra.
1191 3940 1244 3981 snt.
1254 3934 1335 3983 scribi

235 3998 273 4049 sss·
289 4000 381 4049 essars
391 4016 440 4065 per
454 4016 492 4051 sos
507 3998 677 4061 admoneres,
691 3998 763 4061 quod
808 4000 863 4049 vult
879 4002 988 4063 φιὲιιᾳιω
1005 4008 1028 4049 et
1044 3999 1139 4060 moirti,
1153 4006 1182 4046 nt
1197 4013 1256 4047 cum
1275 3998 1336 4048 Plu·

235 4063 310 4111 codd.
342 4064 460 4113 nonnulli
491 4064 594 4114 habent.
636 4060 762 4113 Castum
808 4064 994 4124 tarcbo,c.19.
1025 4063 1109 4112 essai
1118 4063 1262 4112 conveniat.
1288 4110 1292 4115 .

232 4130 373 4191 prdaorum
391 4131 507 4180 οπίὶιιιιιιι
529 4130 684 4179 cedebam
703 4138 762 4178 sunt
844 4130 1003 4180 neaeman.
1036 4127 1078 4176 Sic
1105 4124 1173 4176 Oud.
1200 4142 1232 4177 ex
1258 4128 1336 4179 codd.

235 4190 357 4242 Centurio
368 4192 506 4257 primipili,
508 4192 619 4307 cprimus
634 4192 763 4258 princeps,
811 4193 1064 4257 vulgomtsmam
1096 4192 1177 4243 Paulo
1195 4203 1254 4243 ante
1266 4193 1337 4243 Oud.

237 4256 335 4369 primus
356 4256 476 4308 hastatus.
543 4292 549 4306 .
570 4262 594 4319 t,
617 4260 658 4317 28,
676 4260 716 4307 st.
737 4268 763 4308 et
808 4258 886 4308 stiam
895 4257 1219 4317 stamberenondoenr.

225 4378 227 4385 Α
261 4318 352 4384 ips-de
364 4321 456 4372 mim.
467 4326 492 4373 8.
844 4325 1018 4387 nri-spos.
1054 4321 1329 4386 Vulgoss'svelissos.

272 4388 460 4443 Qsodecottr's.
493 4388 753 4453 Vulroccnmeodd
844 4388 902 4439 Nos
910 4388 1009 4442 astte
1040 4387 1219 4439 Gracina·
1234 4406 1266 4441 su.
