2909 4809
565 276 827 389 rnnuurro.
1222 356 1245 401 v

144 520 264 577 nouis,
289 500 481 581 Snerorur,
504 506 660 571 Arrium
682 508 887 599 aliorumque
902 507 1063 584 vindicate
1077 524 1154 581 eunt
1167 515 1245 583 retia

141 634 304 699 superque
328 613 447 702 scripta
468 638 524 681 sue
548 614 694 693 Romano
717 619 816 695 Duri,
839 632 963 688 utnon
985 624 1134 691 audiendi
1153 624 1244 693 vide-

136 725 448 826 antur,quioontra
464 750 596 794 sensere.
643 729 695 796 De
712 728 801 795 Lnn.
818 728 1036 811 Cremonis,
1052 736 1240 805 Rroununr
1352 790 1393 813 ,.

29 920 32 927 Ι
137 834 295 901 Sruours
314 836 515 925 aliorumque
533 838 640 907 dubiis
655 839 756 908 videri
772 855 908 931 possunt
926 845 1081 913 Vossius
1104 847 1148 913 de
1164 847 1242 915 Hia-

137 956 200 1011 tor.
218 944 344 1012 Ietinis
360 946 389 1021 l,
409 947 459 1013 13.
482 959 516 1016 et
532 950 730 1018 Funurcrns
744 953 776 1018 in
791 953 995 1023 Bibliotheca
1011 956 1137 1035 Iuntina,
1153 958 1192 1025 Ir'.
1209 960 1241 1028 l.

135 1056 323 1125 Recentiori
341 1076 418 1129 aevo'
433 1060 629 1131 labefactare
645 1066 780 1135 Caeearie
799 1066 897 1133 iidem
918 1067 1073 1135 studuere
1095 1067 1242 1157 quidam,

132 1168 171 1235 de
198 1171 321 1257 quibus
346 1194 409 1240 uon
432 1175 489 1241 abe
514 1199 550 1242 re
575 1177 675 1245 fuerit
701 1178 848 1265 quadam
872 1179 942 1246 heic
968 1192 1104 1247 notasse.
1159 1181 1242 1247 Pro·

132 1280 264 1348 dierat*
284 1297 417 1353 auctore
440 1286 610 1355 Dnv0u⁴‘
623 1312 686 1357 une
702 1292 844 1382 Analyee
862 1292 1003 1381 critique
1021 1292 1078 1359 des
1093 1290 1225 1363 suite
1180 1316 1242 1359 rm

133 1395 256 1462 lituires
281 1396 324 1462 de
345 1399 456 1476 Cenat,
479 1404 626 1467 recontee
647 1426 706 1491 par
720 1402 781 1468 lur
781 1407 917 1470 meme
962 1404 1068 1471 Huic
1063 1403 1241 1493 respondit
1367 1484 1371 1489 .

132 1508 186 1574 De
212 1508 532 1588 Υιιιιιιιιοοιιιιτ,ι
537 1513 668 1602 ‘Major
695 1515 742 1580 du
771 1516 932 1605 regiment
959 1515 1170 1583 d’lnfanterie
1195 1514 1239 1584 de

131 1618 365 1709 Rovergue,”
355 1632 412 1711 ιη’
417 1624 688 1693 commentaires
698 1627 741 1694 de
754 1629 864 1705 Ceut,
876 1627 1061 1695 traduotron
1073 1626 1238 1707 nouvelle,

131 1732 234 1799 ruivie
254 1734 334 1800 d’un
355 1758 488 1801 examen
510 1736 550 1803 de
571 1736 722 1828 l’analyee
747 1739 899 1827 critique,
923 1763 987 1827 que
1011 1740 1063 1805 Μ.
1079 1739 1197 1807 Davon
1217 1762 1240 1806 a

132 1842 208 1907 saite
235 1842 278 1909 de
298 1864 351 1910 ees
374 1849 568 1934 guerree†.''
620 1845 733 1913 Fufius
762 1848 858 1935 longe
887 1870 946 1934 per
969 1868 1079 1915 omnes
1102 1845 1246 1915 Gentio
1296 1908 1301 1917 ,

133 1954 419 2023 commentariosa
432 1958 536 2046 eapite
548 1958 590 2025 ad
604 1958 724 2025 calcem
738 1958 833 2027 oriein
844 1957 989 2025 exercuit
1005 1956 1070 2021 “le
1084 1956 1241 2023 General-
1330 2035 1338 2051 θ

133 2064 245 2152 Major
265 2064 319 2131 Du
336 2066 527 2135 Wunnnnr
551 2068 584 2133 in
601 2068 756 2158 Melange
769 2068 811 2134 de
826 2092 1013 2158 remur-ques
1034 2078 1166 2133 eurtout
1183 2089 1242 2133 eur

137 2175 237 2240 Gerar
257 2188 292 2241 et
313 2188 423 2242 autres
443 2178 621 2254 militeires,
642 2180 768 2265 eto.‡’'.
798 2179 925 2245 Mirum
937 2171 1125 2253 est'videre,
1140 2200 1241 2265 quem

133 2284 212 2351 nihil
235 2286 287 2351 hio
310 2286 467 2353 intactum
488 2288 669 2376 reliquerit.
715 2286 767 2354 lta
785 2298 895 2377 negat,
917 2286 1052 2355 Oaeaerie
1067 2312 1135 2371 esee
1153 2309 1241 2355 com·
1297 2330 1301 2336 ·

138 2398 324 2473 menterioe,
346 2398 403 2464 diu
428 2412 502 2487 poet
528 2400 598 2489 ejus
619 2400 687 2465 fata
711 2400 858 2491 seriptoe.
903 2398 1005 2465 Ridet
1025 2410 1061 2467 et
1082 2394 1241 2487 exagitat,

135 2530 206 2594 quae
219 2508 261 2573 de
276 2532 371 2575 muro
386 2530 491 2598 prope
508 2510 687 2589 Genevam,
702 2510 745 2575 de
759 2508 925 2575 celeritate
942 2508 1077 2577 Caenris
1095 2509 1128 2573 in
1140 2508 1243 2577 uddu-

134 2618 240 2684 cendi·
256 2602 450 2707 legionibus,
473 2619 623 2685 debello
645 2644 718 2685 cunr
735 2620 913 2697 Ariovisto,
934 2622 976 2688 de
995 2621 1241 2710 obpugnatione
1271 2616 1275 2627 ’

16 2816 18 2823 y
137 2730 309 2807 Bibractis,
325 2732 365 2797 de
381 2731 584 2821 expeditione
601 2731 639 2795 P.
657 2732 776 2807 Crassi,
801 2733 842 2798 de
856 2732 944 2799 bello
968 2754 1042 2797 cum
1059 2731 1243 2807 Germanis,

16 2900 17 2923 ,
133 2841 173 2907 de
195 2840 401 2931 expeditione
421 2842 453 2905 in
470 2840 681 2917 Britanniam,
702 2842 744 2907 de
764 2841 853 2907 bello
874 2840 907 2905 in
922 2840 1065 2916 Nerviis,
1088 2840 1130 2905 de
1144 2863 1242 2930 expe-

131 2952 252 3019 ditione
276 2953 308 3017 iu
324 2954 491 3019 Arvernos
512 2964 546 3017 et
562 2955 758 3029 (brennum,
779 2952 821 3019 de
836 2951 955 3041 proelio
974 2953 1017 3019 ad
1035 2937 1239 3030 Pharaeluru,

131 3064 170 3129 de
195 3064 285 3131 bello
313 3063 533 3131 Alexandrino
558 3076 592 3129 et
618 3064 794 3152 Hispanico
819 3064 1016 3129 referuntur.
1073 3060 1242 3151 iniquiora

130 3197 195 3241 esee
219 3174 381 3239 Warnerii
397 3172 529 3262 judicia,
553 3184 592 3238 ut
616 3173 710 3239 facile
733 3185 838 3262 patet,
861 3174 908 3239 ita
931 3172 1097 3239 ostendere
1121 3174 1242 3263 etegit
1342 3204 1345 3211 ·

127 3286 176 3353 vir
202 3287 330 3367 doctus,
359 3286 518 3353 Centurio
541 3286 837 3375 wurtembergicae
861 3284 995 3360 militia,
1022 3284 1104 3351 Juc.
1128 3284 1236 3353 Fam.

131 3398 278 3465 Ronscn
302 3400 335 3463 iu
352 3408 373 3439 “
388 3400 597 3465 Commentar
612 3398 695 3463 iiber
709 3396 763 3462 die
776 3395 1034 3463 Commentarieu
1046 3396 1104 3463 des
1117 3398 1236 3472 Cam,
1346 3418 1360 3427 ·
1385 3423 1390 3432 ·

128 3509 225 3575 als'
197 3532 268 3575 erne
294 3510 552 3598 Beantwortung
584 3508 644 3575 der
670 3506 874 3595 Remarquee
901 3530 956 3574 eur
984 3510 1081 3574 cem
1100 3508 1158 3575 dee
1186 3507 1235 3575 H.

125 3622 215 3695 ,Gen
234 3620 343 3709 Major
358 3644 421 3687 von
437 3620 654 3711 Warnery§.”

173 3731 254 3805 Quae
269 3730 380 3821 paullo
393 3740 468 3797 ente
481 3730 566 3795 inter
576 3728 766 3795 duumviros
779 3750 827 3794 rer
817 3688 985 3795 militarie
995 3725 1134 3813 peritos,-
1131 3726 1237 3797 ¹.Cuu

134 3844 415 3927 Gursonunnuu,
428 3850 489 3915 sub
500 3846 683 3925 nommeQ
695 3844 804 3913 Icrnn
818 3857 943 3919 notum,
954 3856 988 3909 et
1000 3844 1057 3911 Du
1068 3842 1134 3909 Lo
1136 3842 1236 3913 Looz

193 4100 211 4133 ·
227 4090 371 4159 rueme]
388 4100 459 4148 nro.
478 4102 517 4147 re.
860 4100 878 4147 e
900 4093 1014 4155 ureris,
1029 4097 1101 4145 ruer.
1112 4098 1137 4166 a,

191 4181 206 4243 ι
228 4177 397 4236 avmovie,
415 4180 521 4227 neae.
862 4172 876 4233 t
897 4172 984 4234 neue,
1002 4175 1111 4225 neae.
