2909 4809
429 254 518 333 ΠΒ.
541 259 604 333 lv.
649 256 754 335 cnP'.
779 256 927 345 18,’1’9.,
1178 270 1223 338 89

121 464 149 499 “
194 444 311 523 'sum'
323 452 478 523 mediocri
492 456 611 546 spatio,
626 444 677 532 ut,
699 455 726 522 ai
740 445 901 524 'arborum
919 455 1027 524 trunci
1043 454 1112 523 sire
1128 478 1225 526 mres

122 554 150 585 “
166 478 336 633 dijiciendi
360 544 467 633 operis
490 556 593 610 essent
614 565 635 608 a
657 544 803 611 barbaris
815 546 928 621 missu,
941 544 990 611 his
1003 543 1224 614 defemoribus

123 642 149 673 ‘⁴
167 654 280 697 carum
296 653 404 697 rerum
416 632 465 695 vis
475 631 690 707 minueretur,
701 654 763 696 neu
776 633 869 719 ponti
883 634 1067 698 nocerent.”

174 720 225 785 18.
250 718 375 784 Diebus
387 716 509 793 decem,
526 717 645 805 quibus
658 720 794 783 materia
805 731 913 807 coepta
926 732 998 783 erat
1012 742 1083 786 com
1128 720 1223 795 rtsri,
1264 738 1270 745 ·

122 806 215 871 omui
230 828 328 893 opere
342 806 468 880 effecto,
481 805 638 870 exercitus
653 806 883 871 transducitur.
916 806 1036 881 Cesar,
1048 742 1224 872 adi-'ittam-

122 916 191 979 que
203 906 330 981 partem
388 892 451 957 ntis
465 891 559 957 finno
571 891 720 980 proesidio
736 892 864 968 relicto,
887 893 921 959 in
940 892 1017 957 fines
1036 892 1224 980 Sigambro-

122 1000 198 1045 rum
212 916 387 1045 contendili
432 977 567 1043 Interim
589 1001 609 1043 s
635 978 857 1067 compluribus
880 979 1066 1045 civitatibus
1088 979 1129 1044 ad
1149 1002 1224 1045 eum

123 1066 226 1155 legati
241 1066 386 1141 veniunt,
411 1064 531 1153 quibus
553 1088 664 1167 pacem
684 1079 783 1153 atque
797 1067 971 1138 amicitiam
986 1067 1171 1154 petentibus
1185 1067 1224 1132 li·

123 1153 282 1219 beralitcr
307 1152 472 1241 respondit
496 1151 686 1240 obudesque
708 1154 750 1219 ad
772 1177 805 1218 se
827 1152 1064 1241 adduci-jubet.
1110 1155 1158 1219 At
1173 1153 1224 1219 Si·
1289 1181 1292 1186 ⁴
1397 1139 1399 1148 .

124 1240 255 1329 gembri
276 1262 317 1305 ex
338 1264 377 1306 eo
400 1250 557 1341 tempore,
579 1262 646 1327 quo
663 1262 744 1328 pons
767 1241 893 1306 institui
913 1253 1039 1342 ceptus
1060 1252 1122 1316 est,
1144 1240 1224 1331 iuga

125 1339 325 1428 comparata,
340 1326 545 1395 hortantibus
560 1326 609 1401 iis,
625 1349 706 1413 quos
717 1350 758 1392 ex
771 1326 982 1393 Tencbtherrs
992 1340 1093 1415 atque
1108 1328 1224 1417 Usipe-

111 1414 214 1479 tibus
225 1414 312 1501 apud
326 1438 358 1479 se
373 1412 547 1489 habebant,
562 1413 679 1481 linibus
701 1415 768 1479 suis
787 1426 999 1489 excesserant,
1021 1437 1144 1516 suaque
1155 1438 1224 1481 om·

124 1502 178 1566 nis
191 1514 454 1589 exportaverant,
478 1524 511 1566 se
535 1524 575 1565 ue
590 1500 623 1566 in
637 1500 844 1567 solitudinem
857 1524 895 1566 sc
908 1501 1005 1566 silvas
1019 1500 1223 1568 abdiderant.

114 1674 116 1677 Ι
174 1588 224 1688 l9.
249 1588 377 1689 Curare
392 1610 511 1689 paucos
546 1588 590 1653 ies
604 1587 637 1653 in
651 1610 766 1689 eorum
775 1587 893 1653 finibus
905 1600 1061 1664 moratus,
1075 1588 1225 1655 omnibus

122 1675 202 1775 viere
224 1674 431 1763 aedificiisque
456 1675 848 1776 rncensisqfrumentrsque
872 1675 1011 1748 succisis,
1032 1698 1066 1739 se
1089 1675 1122 1740 in
1145 1674 1247 1771 finu-

126 1762 293 1827 Ubrorum
307 1764 447 1851 recepitt
469 1775 570 1850 atque
585 1784 623 1827 ns
637 1762 796 1827 auxrlium
815 1785 910 1826 suum
933 1761 1112 1850 pollicitus,
1135 1762 1161 1826 si
1180 1761 1224 1826 ab

126 1848 243 1913 Suevis
267 1862 505 1937 premerentur,
529 1847 596 1914 hoec
619 1846 663 1913 ab
685 1848 723 1915 iis
746 1848 916 1936 cognovit:
942 1848 1077 1922 Suevos,
1099 1859 1225 1936 postes·
1328 1912 1335 1923 ,
1362 1932 1366 1942 ¹

123 1958 223 2023 quam
248 1958 307 2023 per
321 1937 542 2025 exploratores
564 1946 696 2039 pontem
711 1935 781 1999 fieri
802 1933 1042 2087 comperissent,
1060 1957 1151 1999 more
1164 1958 1224 1999 suo

123 2020 260 2087 concilio
275 2020 398 2099 habito,
418 2023 551 2089 nuncios
566 2045 600 2087 1n
615 2044 723 2088 omnes
739 2036 848 2111 partes
886 2020 1025 2096 imisisse,
1045 2021 1096 2086 uti
1110 2021 1149 2086 de
1164 2045 1223 2111 op-

123 2108 209 2260 pidis
235 2108 465 2199 demigrarent,
492 2109 623 2185 liberos,
651 2132 769 2174 uxores
793 2130 928 2196 suaque-
943 2107 1050 2172 omnia
1072 2108 1105 2173 in
1127 2107 1224 2173 silvas

145 2210 323 2284 eponerent
346 2209 446 2285 atque
470 2219 590 2271 omnes,
618 2196 675 2285 qui
696 2218 786 2260 arma
801 2195 888 2260 ferre
909 2207 1051 2281 possent,
1074 2216 1174 2265 unum
1189 2194 1223 2261 iu

111 2282 231 2348 locum
253 2272 585 2349 convenirentt'hunc
601 2304 667 2367 esse
682 2280 845 2347 delectum
866 2280 1006 2345 medium
1029 2280 1097 2346 fere
1117 2281 1223 2369 regio·

72 2400 75 2405 ·
123 2391 201 2435 num
219 2392 342 2445 earum,
364 2392 444 2457 quas
460 2368 560 2433 Suevi
576 2368 778 2434 obtinerent:
801 2367 854 2432 hie
870 2366 1091 2433 Romanorum
1105 2368 1223 2435 adven-

123 2468 194 2520 tum
214 2469 401 2545 exspectare
421 2467 520 2545 atque
541 2455 586 2521 ibi
609 2454 776 2520 decertare
790 2454 1003 2520 constituisse.
1050 2454 1148 2530 Quod
1164 2454 1222 2521 ubi

124 2542 234 2607 Caesar
248 2542 419 2631 comperit,
442 2540 590 2609 oumibua
603 2540 651 2605 his
666 2542 763 2607 rebus
778 2541 941 2615 confectis,
957 2563 1096 2628 quarum
1112 2563 1222 2608 rerum

121 2652 232 2695 caussa
257 2628 463 2695 transducere
480 2628 658 2693 exercitum
676 2628 901 2701 constituerat,
919 2639 957 2691 ut
974 2627 1143 2692 Germanis
1157 2650 1221 2692 me·

121 2727 193 2781 tum
208 2716 364 2803 injiceret,
381 2728 419 2781 ut
436 2715 626 2804 Sigambros
641 2714 863 2789 ulcisceretur,
881 2725 919 2778 ut
936 2713 1042 2779 Ubios
1056 2713 1222 2780 obsidione

120 2802 290 2878 liberaret,
304 2802 421 2869 diebus
435 2802 561 2868 omnino
575 2802 605 2866 X
618 2813 652 2866 et
667 2800 753 2866 VllI
769 2812 857 2866 trans
872 2799 1023 2865 Rhenum
1037 2801 1221 2877 consumtis,

121 2889 198 2955 satis
218 2902 253 2954 et
272 2888 313 2955 ad
328 2888 457 2955 laudem
478 2902 512 2956 et
526 2887 568 2953 ad
584 2888 761 2954 utilitatem
800 2888 961 2953 refectum
975 2887 1167 2963 arbitratus,
1188 2912 1222 2955 se

122 2976 155 3042 in
173 2976 314 3043 Galliam
329 2976 454 3065 recepit
469 2990 668 3064 pontemque
682 2912 825 3043 rescidit.

159 3168 296 3231 ΒΜ
309 3174 399 3245 om,
415 3184 452 3219 sc.
465 3183 551 3217 cauas.
586 3168 648 3217 Ver·
732 3122 1249 3229 1nfinessmontmduatiitnonur,

122 3232 186 3283 bum
204 3234 403 3294 boc,om1ssum
424 3232 649 3292 incommuta,
697 3241 725 3281 ut
745 3232 846 3281 Terent.
861 3234 938 3282 Andr.
958 3236 983 3290 2,
1000 3236 1024 3278 2.
1043 3232 1068 3278 6.
1093 3226 1222 3279 uam
1314 3292 1317 3296 ἵ

122 3298 250 3359 (estenim
260 3299 305 3349 elli
339 3298 494 3348 isnonrsrar
512 3315 535 3347 v.
546 3298 649 3347 Ouden·
696 3313 721 3347 c.
733 3301 773 3346 20.

123 3364 238 3436 dorpad
248 3366 274 3423 4,
286 3367 306 3412 l.
327 3364 374 3415 alii
386 3362 564 3428 interpretandi
573 3378 649 3413 cauas
732 3365 763 3413 Ar
775 3362 909 3424 upamtrr.
941 3360 999 3409 Hoc
1013 3361 1044 3409 At
1059 3356 1156 3407 dedite
1175 3372 1223 3407 sao

122 3426 650 3493 addiderunt-Destmcturshujuspontis
697 3426 787 3477 codice
797 3426 914 3483 Ursinus,
923 3423 969 3473 ubi
979 3422 1037 3473 scil.
1048 3423 1176 3472 invenerat
1185 3430 1222 3497 tq.

122 3492 404 3557 scripsisselueundum
413 3494 650 3551 Veronensem,mo-
732 3495 821 3541 hum.
840 3493 947 3541 mcum.
987 3490 1161 3539 Hotomanus·
1183 3502 1222 3536 uc

123 3558 180 3607 nuit
193 3559 226 3607 ed
244 3559 271 3609 h.
280 3560 299 3609 1.
311 3558 477 3609 Camerarius.
510 3560 650 3609 Hotoman·
697 3572 730 3606 ex
742 3556 854 3621 ingenio,
865 3563 892 3604 ut
902 3571 927 3603 c.
939 3560 980 3605 88.
991 3555 1102 3604 firmetur
1110 3562 1196 3603 autem
1206 3568 1222 3601 e

124 3640 171 3674 nus
191 3623 263 3673 addit
285 3624 415 3683 Budaenm,
433 3622 583 3683 Osrdnnum,
606 3624 649 3673 Jc.
699 3623 774 3672 codd.
808 3621 1096 3685 Vulgoerstauccensir.

123 3690 272 3747 Buteonem,
287 3690 371 3754 (cujus
387 3689 522 3753 singularis
536 3688 600 3737 liber
618 3690 650 3738 de
733 3689 859 3750 usurus.
876 3687 997 3735 Ubiorum
1008 3688 1107 3749 recepit.
1140 3680 1224 3731 Caua

124 3754 173 3803 hoc
185 3762 262 3818 ponte
272 3755 365 3811 exstat)
382 3753 528 3804 Tumebum
541 3754 559 3803 l.
569 3770 593 3803 c.
611 3755 649 3803 M.
698 3767 731 3801 ex
740 3768 764 3801 c.
779 3754 817 3801 16.
825 3750 943 3801 discenda
952 3759 999 3799 est.
1016 3750 1054 3799 Μ.

124 3820 197 3869 Addo
215 3830 242 3868 et
256 3818 372 3884 Magium
389 3818 413 3867 in
426 3818 525 3869 Gruteri
543 3818 618 3883 lamp.
629 3826 649 3867 t.
733 3820 871 3867 Dimisisae.
882 3815 1055 3866 alissmlrirre.
1065 3812 1108 3863 sed
1117 3826 1140 3860 v.
1151 3812 1224 3871 att,

124 3890 148 3933 2.
170 3900 196 3949 p·
207 3888 281 3933 2438.
303 3884 349 3935 ubi
366 3892 452 3935 contra
470 3884 607 3935 buteonem
623 3894 650 3933 et
698 3888 722 3933 t.
734 3886 775 3931 48.
787 3886 827 3931 ta.
839 3885 864 3942 6,
874 3886 914 3931 48.

122 3949 320 4013 alioedisputst.
685 4002 689 4007 ,
736 3948 768 3996 la
789 3950 872 3997 ultan
894 3946 944 3995 i.e.
964 3943 1028 3995 intre
1042 3944 1127 3995 silves.
1147 3944 1182 3994 sl.
1196 3945 1224 3995 in

158 4016 410 4065 summamus.
440 4012 475 4065 Τὸ
486 4030 570 4065 rerum
580 4015 652 4063 deest
696 4015 772 4064 silve.

124 4078 150 4129 in
160 4080 322 4144 quibusdam.
339 4080 414 4129 mais.
735 4079 787 4126 Hic
806 4076 950 4125 Romadv.
983 4074 1025 4125 Sic
1042 4074 1117 4124 codd.
1131 4080 1157 4125 et
1165 4072 1223 4123 edd.

158 4146 475 4208 lnfinesstqrmtronm.
492 4142 650 4195 lahosenim
700 4150 750 4193 vet.
783 4139 1002 4205 AstScaligerttr'.

124 4226 151 4261 se
162 4220 308 4273 receperant
319 4226 400 4273 nuper
414 4210 512 4275 equites
522 4209 650 4270 Germani,
735 4202 1225 4270 Profectumnonnullipersectummle.

124 4275 176 4324 vid.
184 4290 243 4340 cap.
252 4276 288 4323 16.
300 4276 339 4324 Μ.
356 4272 481 4339 Sigambri
492 4273 650 4339 intchignm
699 4272 741 4323 Cl.
752 4275 778 4333 7,
787 4275 829 4320 66.
845 4270 875 4319 C.
886 4274 912 4330 8,
924 4274 961 4321 ts.
973 4276 1013 4319 ³8.
1030 4271 1071 4323 ΑΙ.
1081 4272 1105 4319 8.

123 4338 652 4407 etLuppisrnfluvioequsrreudi.v.D'An·
734 4340 768 4387 se
789 4339 817 4386 is
840 4337 952 4400 (folliosa
967 4338 1065 4399 recepit.
1099 4332 1226 4396 usipus

123 4404 186 4473 ville
196 4414 223 4458 et
232 4404 357 4471 Menneu.
701 4401 821 4475 loquitur,
837 4400 927 4457 timore
941 4400 1085 4472 perculsum
1099 4398 1225 4451 &ntem
