2909 4809
563 237 832 311 rnnrnno.
1039 336 1061 348 „
1221 217 1268 319 va

161 429 315 499 oonfeoto
342 427 433 497 bello
460 421 557 508 civili,
577 452 725 499 reversus
750 433 874 541 quippe
898 436 1005 501 mense
1031 434 1170 512 Octobri
1191 436 1268 507 enni

141 565 145 573 ·
163 542 312 611 DCOIX
326 554 361 609 st
375 559 474 612 ooesus
487 542 602 609 Idibus
616 542 746 611 Martiis
757 567 788 612 a.
804 546 942 614 DOGX.

209 654 334 743 Pendet
346 654 390 721 ab
403 654 464 721 isa
478 656 651 743 questione
665 656 769 723 altera
780 658 969 745 ‹le-epochis
981 677 1124 725 resume
1140 662 1266 729 Onus

13 804 16 815 ·
141 774 378 841 mmmmm,
401 784 481 853 ques
497 768 661 835 Lo-Loos
676 764 924 859 putabntfiriese
936 791 959 862 a
971 771 1096 837 Ome
1109 770 1151 837 ed
1164 772 1270 868 fames¹

157 894 180 941 a
199 892 233 939 rr
249 872 435 941 emendatos
455 874 726 947 adomnanus
773 880 886 971 Negat
907 880 969 947 boo
990 882 1263 963 finissemus,

158 984 183 1052 l.
196 1012 226 1055 c.
243 1010 277 1076 p.
290 987 366 1053 640.
389 998 425 1054 at
436 991 609 1059 exduabur
620 990 762 1083 epochis,
773 1012 914 1082 quornm
927 996 1125 1061 meantum
1135 996 1265 1065 mser

157 1101 248 1169 clare
261 1102 351 1179 feeit,
373 1104 441 1169 soil.
456 1128 488 1170 a.
503 1104 538 1171 d,
556 1099 654 1172 VIIl.
678 1098 730 1175 ld.
745 1107 822 1173 Jon.
839 1100 967 1175 DOOV
982 1117 1016 1173 et
1030 1102 1136 1197 prldlr
1151 1106 1265 1177 Nonas

145 1214 237 1279 den.
259 1216 333 1281 enni
356 1218 531 1307 sequentis,
557 1210 700 1287 diluoide
720 1236 790 1285 rem
810 1200 1021 1288 demonstrat.
1067 1218 1202 1285 Scilicet
1233 1220 1265 1307 l)

157 1326 286 1415 epona
305 1328 375 1394 sc.
398 1330 572 1421 pesnpu
589 1327 692 1398 ,vnn
717 1324 768 1398 n.
784 1326 1021 1409 rmnccv,
1041 1351 1139 1420 qum
1154 1335 1264 1404 cunr
1349 1312 1358 1317 ’

157 1436 280 1523 refert„
298 1440 339 1505 G.
367 1442 395 1518 l,
418 1441 451 1507 5.
476 1442 587 1507 eadem
610 1443 781 1509 exhibetur
804 1469 824 1510 a
849 1445 1015 1520 Cicerone,
1043 1442 1107 1532 Ep.
1132 1444 1184 1521 16,
1211 1445 1263 1511 ll.
1311 1458 1316 1474 '

158 1550 269 1615 Nemo
291 1563 401 1618 autem
423 1552 555 1629 dixerit,
577 1554 746 1643 epistolam
771 1553 852 1619 hanc
872 1539 948 1642 post
965 1554 1065 1639 fastos
1078 1554 1264 1623 emendatos
1396 1614 1400 1618 ,

156 1659 323 1749 scriptam.
368 1664 403 1750 2)
427 1664 532 1730 Caesar
547 1663 681 1743 indicat,
698 1667 738 1731 Ο.
753 1667 788 1743 3,
803 1665 835 1732 6.
852 1665 949 1742 diem,
973 1652 1038 1754 qud
1055 1690 1151 1733 naves
1166 1668 1265 1734 solvit

158 1772 344 1851 Brundisio,
369 1774 454 1863 prid.
473 1776 560 1842 Non.
577 1776 653 1842 Jan.
670 1776 830 1843 DCOVI.
846 1788 881 1841 et
896 1788 1028 1865 postero
1048 1776 1101 1840 die
1115 1777 1264 1865 pervenit

156 1888 190 1951 in
206 1886 384 1961 Graeciam
407 1900 478 1953 tum
492 1887 578 1954 misit
594 1887 777 1953 Vibullium
791 1888 835 1953 ad
850 1887 1051 1976 Pompeium,
1066 1888 1122 1974 qui
1136 1888 1180 1971 (o.
1196 1887 1264 1975 ll.)

155 2022 235 2064 mox
254 1998 316 2065 iter
335 2022 377 2063 ex
393 1998 583 2065 Macedonia
603 1998 635 2063 in
651 1996 785 2064 hiberna
800 1996 940 2065 babebat
953 1997 1161 2086 Apolloniam
1176 1996 1263 2088 Dyr·

155 2109 400 2197 rhscbiumque.
433 2090 513 2175 ¹Sed
527 2108 616 2175 nulla
631 2108 714 2175 ratio
737 2109 846 2173 fuerat
870 2107 1025 2196 Pompeio
1049 2118 1116 2173 tam
1137 2132 1209 2174 sero
1228 2108 1261 2175 in

104 2238 110 2255 ·
156 2219 292 2286 hiberna
306 2243 338 2283 se
353 2217 545 2308 reeipiendi3
569 2218 676 2309 potius
691 2216 746 2282 ille
768 2217 837 2282 dies
858 2240 932 2281 cum
948 2215 1001 2281 die
1018 2216 1048 2281 V
1065 2217 1265 2283 Novembris
1334 2280 1344 2307 ⁸
1400 2292 1406 2301 .

155 2330 229 2395 anni
253 2328 428 2418 superioris
448 2328 610 2395 coincidit.
655 2330 691 2417 3)
711 2328 788 2395 lam
810 2328 909 2393 tertio
928 2349 1035 2393 mense
1056 2340 1143 2416 post,
1163 2350 1262 2418 quam

156 2440 189 2507 in
220 2441 379 2506 Graeciam
409 2440 631 2506 transfretavit
666 2441 783 2519 Caesar,
816 2438 1007 2526 Pompeium
1041 2461 1146 2527 prope
1175 2439 1263 2527 Dyr·

156 2550 325 2617 rhaohium
339 2550 468 2638 cingere
491 2551 628 2627 studuit,
650 2563 684 2616 et
700 2561 844 2638 quatuor
857 2572 979 2615 menses
993 2547 1055 2615 hoc
1070 2561 1157 2616 statu
1172 2562 1262 2616 uter·

154 2686 218 2752 que
245 2662 435 2751 permansit3
468 2672 538 2725 tum
564 2657 670 2747 tribus
696 2638 953 2726 hebdomadibus
976 2672 1054 2749 post
1078 2658 1262 2728 Pharsalica

154 2797 265 2864 pugna
287 2774 405 2841 accidit
426 2786 572 2861 tempore
595 2774 713 2839 messis.
761 2772 797 2836 Si
819 2782 927 2837 autem
949 2794 969 2836 a
991 2765 1022 2834 V
1047 2771 1136 2835 Nou.
1149 2770 1262 2838 “adnu-
1287 2859 1289 2862 ι

154 2912 259 2954 meres
278 2908 400 2951 menses
420 2884 487 2951 vll
510 2908 584 2951 cum
597 2882 742 2959 dimidio,
765 2882 883 2949 incides
906 2882 939 2947 in
956 2880 1052 2947 finem
1066 2882 1088 2947 J
1092 2883 1171 2961 unii,
1192 2907 1263 2970 quo

153 2996 264 3064 messis
286 2996 356 3061 lieri
371 2996 453 3062 solet
473 2994 692 3060 inThessalia.
724 2992 798 3058 Est
816 2975 896 3081 ergo
911 2991 978 3057 haeo
997 2993 1120 3080 epooba
1139 3014 1277 3083 pugnoe·
1346 3004 1354 3036 ²

44 3122 48 3125 ’
154 3109 358 3184 Pharsalica,
380 3130 452 3195 quae
467 3116 599 3172 notatur
613 3105 643 3170 V
659 3102 738 3168 Idus
757 3103 897 3168 Sextiles
910 3126 941 3168 a.
959 3101 1119 3168 Dccvl.
1160 3148 1165 3153 .

198 3218 297 3289 Hisne
319 3215 516 3283 stabiliendis
532 3218 790 3281 Gusscaesnus
812 3209 915 3280 'totam
931 3224 1072 3301 quatuor
1084 3223 1257 3296 annorum,
1283 3212 1287 3219 ’

152 3332 273 3421 quibus
295 3329 418 3395 bellum
433 3328 527 3397 civile
549 3318 683 3417 gestum
696 3340 756 3404 est,
772 3328 886 3393 seriem
903 3326 948 3391 ita
970 3323 1116 3415 exponit,
1136 3340 1177 3393 ut
1197 3329 1259 3395 sin·

153 3442 248 3532 gulas
261 3436 399 3529 epochas
412 3436 543 3504 illorum
554 3460 722 3512 annorum,
736 3435 795 3523 qui
808 3459 828 3500 a
840 3459 918 3502 vera
933 3429 1057 3500 ratione
1073 3446 1258 3525 temporum

151 3551 227 3618 anni
246 3549 357 3617 solaris
376 3549 615 3627 aberraverant,
630 3546 672 3611 ad
694 3545 786 3622 hanc,
806 3545 910 3634 qualis
928 3566 1005 3610 mox
1023 3556 1110 3611 esta
1131 3546 1259 3614 Caemre

152 3662 316 3737 restituta,
338 3660 486 3726 redueat.
531 3656 611 3746 Ejus
632 3656 847 3744 chronologiae
870 3658 998 3745 potiora
1012 3670 1175 3727 momenta
1192 3662 1260 3729 lee-

152 3775 280 3841 toribus
311 3772 354 3838 ob
383 3770 494 3837 oculos
524 3769 670 3859 ponenda
697 3767 789 3835 duxi.
835 3769 993 3856 Sequitur
1020 3782 1131 3836 autem
1158 3795 1256 3839 aeram

152 3890 307 3955 Romanas
328 3884 469 3971 historiae
490 3883 733 3965 Varroniam
755 3905 795 3947 ex
815 3904 881 3971 qua
903 3880 982 3949 belli
1003 3882 1105 3951 civilis
1126 3883 1255 3953 initium
1276 3920 1286 3928 .

152 4000 184 4066 in
204 4001 246 4064 A.
264 3998 312 4065 U.
337 3994 466 4066 DCCV
487 4006 561 4061 ante
585 3995 626 4061 0.
641 3994 696 4060 49.
719 3992 843 4073 incidit,
865 3994 1034 4084 ponitque,
1052 4006 1091 4061 ut
1112 3996 1256 4065 calculos

151 4108 211 4188 sibi
232 4119 372 4187 constet,
392 4118 427 4174 et
449 4105 568 4197 probat
588 4118 703 4175 eontra
721 4104 910 4174 sententiam
930 4107 993 4176 viri
1019 4106 1099 4176 clar.
1122 4108 1176 4216 Da
1200 4108 1253 4181 ns
