2909 4809
177 376 182 383 ,
240 298 307 396 alt
562 313 626 382 ua
650 297 802 380 annno
825 310 984 380 crvmr.

241 499 353 568 tellum
367 495 624 578 Massiliensium,
644 502 686 568 ad
702 499 869 568 Nasidium
936 500 1097 576 rvenlunt,
1113 499 1156 565 lbl
1182 521 1221 565 ue
1236 509 1332 566 naves

238 587 426 678 expediunt,
440 610 613 674 rursusque
628 612 661 652 ae
672 587 880 676 adconfligen
906 605 957 654 um
975 589 1081 654 animo
1096 519 1287 656 eoniirmant
1298 599 1334 654 et

196 692 199 699 '
241 675 370 740 consilia
395 675 638 741 communicant.
701 677 826 741 Dextra
855 699 927 764 pars
959 675 1207 740 Massiliensibus
1232 675 1334 741 adtri-

240 761 366 850 buitnr,
379 761 504 828 sinistra
519 761 663 828 Nasidio.

284 847 316 911 5.
340 847 465 914 Eodem
481 848 602 913 Bmtus
611 845 791 923 contendit,
806 857 903 912 aucto
918 847 1046 912 narium
1059 867 1202 914 numero.
1243 845 1330 914 Num

157 1001 161 1014 ,
242 934 365 1010 adeas,
381 957 454 1022 quae
470 934 564 1016 iactae
582 945 674 1001 erant
688 934 821 998 Arelate
835 957 895 1022 per
906 935 1075 1011 Gaesarem,
1089 935 1227 1022 captivae
1243 935 1333 1000 Mas-

243 1021 412 1098 aeliensium
427 1033 624 1086 acoemerant
638 1043 704 1086 sex.
731 1019 800 1084 H'as
814 1021 1034 1110 superioribus
1046 1020 1206 1086 reiecerat
1215 1020 1332 1086 diebus

242 1115 343 1197 atque
357 1108 503 1172 omnibus
531 1107 629 1172 rebus
653 1107 858 1172 instruxerat.
905 1107 1020 1192 ltaque
1041 1107 1119 1172 suos
1133 1107 1331 1184 cohortatus,

242 1219 322 1284 quos
336 1195 479 1281 integros
501 1193 746 1282 superavissent,
770 1205 806 1258 ut
827 1193 928 1258 victos
942 1206 1194 1270 contemnerent,
1240 1193 1332 1259 lenus

241 1282 310 1372 spei
332 1281 425 1346 bonae
446 1293 547 1368 atque
569 1283 664 1346 animi
687 1280 840 1344 adversus
867 1303 921 1346 eos
950 1279 1176 1367 proficiscitur.
1250 1281 1332 1346 acil'e

241 1379 324 1444 erat,
339 1391 379 1432 ex
392 1369 504 1440 caetris
519 1367 559 1432 O.
576 1367 729 1432 Trebouli
744 1377 844 1453 atque
858 1367 1004 1432 omnibus
1018 1365 1240 1456 superioribus
1256 1368 1334 1434 locis

241 1453 427 1544 prospicere
448 1455 481 1520 in
502 1455 628 1531 urbem,
652 1467 690 1518 ut
705 1455 805 1520 omnis
817 1455 981 1542 juventus,
1002 1475 1074 1541 quae
1090 1455 1122 1520 iu
1141 1454 1263 1542 oppido
1282 1477 1332 1520 re·

242 1552 414 1616 euaserat,
440 1563 611 1628 omnesque
633 1541 806 1630 superioris
832 1543 945 1616 aetatis,
980 1563 1054 1605 cunr
1087 1541 1196 1606 liberis
1231 1549 1333 1629 atqua

242 1628 395 1694 uxoribus
409 1627 613 1719 publicisque
627 1627 793 1704 custodiis,
809 1639 866 1694 eut
878 1649 918 1692 ex
930 1651 1024 1693 muro
1037 1626 1079 1691 ad
1091 1627 1209 1692 coelum
1221 1640 1333 1694 manus

91 1783 110 1810 ‚=
175 1722 180 1733 “
211 1729 214 1733 ·
243 1713 425 1790 tenderent,
446 1726 506 1779 aut
520 1715 643 1804 templa
665 1715 809 1780 Deorum
824 1715 1043 1780 inmortalium
1057 1713 1185 1780 adirent
1198 1717 1244 1792 et,
1257 1723 1333 1781 ante

240 1801 409 1868 simulacra
432 1802 582 1890 projecti,
612 1802 782 1868 victoriani
803 1802 847 1867 ab
871 1803 941 1867 Diis
969 1813 1196 1904 exposcerentr
1229 1819 1334 1889 nequa

241 1899 313 1955 erat
333 1888 505 1978 quisquam
527 1885 680 1964 omnium,
705 1889 786 1977 quin
809 1886 840 1953 in
864 1889 932 1976 ejus
955 1886 1019 1954 dier
1033 1909 1107 1952 casn
1121 1908 1252 1954 suarum
1267 1899 1333 1952 our-

241 1975 329 2042 irium
356 1976 560 2041 fortunarum
581 1986 734 2040 eventum
754 1976 924 2041 consistere
938 1976 1151 2040 existimaret.⁴
1194 1975 1279 2040 Nam
1301 1983 1334 2038 et

241 2062 365 2151 bonesti
378 2085 418 2126 ex
429 2063 614 2167 juventute,
630 2069 664 2127 et
678 2062 835 2151 cujusque
849 2063 951 2128 aetetis
972 2061 1169 2149 amplissimi,-
1191 2062 1332 2127 nomina-

241 2151 301 2215 um
315 2156 441 2220 evocati
452 2156 550 2236 atque
565 2150 737 2224 obsecrati,
753 2171 849 2214 neves
861 2149 1131 2221 conscenderantr
1147 2159 1197 2224 ut,
1211 2149 1237 2213 si
1253 2147 1332 2236 quid

241 2235 369 2303 adversi
395 2234 573 2310 accidisset,
600 2258 641 2300 ne
666 2237 707 2300 ad
733 2236 912 2301 conandum
934 2235 1065 2324 quidem
1081 2235 1140 2300 sibi
1156 2234 1333 2340 quidquam

242 2322 357 2409 reliqui
371 2322 442 2388 ibre
452 2321 601 2395 riderent
615 2343 623 2396 3
645 2323 671 2387 si
684 2323 931 2408 mpererissen‘t,
945 2323 997 2386 vel
1012 2321 1193 2386 domesticu
1205 2321 1334 2408 oprbua,

242 2409 295 2474 rel
309 2408 447 2473 externis
461 2408 599 2481 auxiliis,
612 2408 654 2472 de
666 2410 772 2473 salute
786 2409 876 2476 urbis
891 2407 1100 2474 confiderent.

284 2495 317 2560 62
341 2494 517 2561 Commisso
537 2495 666 2583 proelio,
683 2495 932 2560 Massiliensibus
948 2519 997 2560 res
1013 2494 1103 2560 nulla
1122 2491 1164 2560 ad
1178 2493 1333 2560 virtutem

242 2581 367 2649 defuit:
390 2582 446 2647 sed
469 2602 625 2648 memores
651 2603 761 2646 corum
777 2593 1025 2670 preceptorum,
1051 2593 1123 2668 que
1160 2580 1335 2648 eulloa'nte

241 2670 285 2738 ab
295 2669 359 2740 stris
373 2674 576 2756 acceperant,
591 2666 651 2732 hoc
666 2668 772 2734 animo
786 2668 1008 2743 decertabant,
1035 2679 1074 2732 ut
1099 2601 1225 2732 nullum
1244 2667 1335 2734 aliud

243 2754 608 2846 tempusadconandnm
618 2753 760 2821 habituri
771 2755 970 2830 viderentur,
985 2767 1029 2830 et,
1043 2753 1163 2842 quibus
1176 2754 1208 2818 iu
1225 2767 1336 2845 pugna
1405 2833 1415 2840 ,Ι

243 2844 318 2909 vitae
348 2841 529 2933 periculum
556 2841 730 2917 accideret,
769 2863 830 2908 non
861 2845 906 2906 ita
934 2841 1039 2906 multo
1071 2864 1104 2905 se
1134 2837 1335 2928 reliquorum

243 2929 361 2996 civium
381 2929 486 2992 fatum
506 2929 694 2994 antecedere
715 2929 945 3004 existimarent,
968 2929 1099 3079 (Bulbus,
1123 2927 1205 2991 urbe
1226 2937 1336 3016 captu,

139 3051 145 3060 ·
242 3017 353 3083 eadem
380 3027 463 3080 esset
495 3013 574 3080 belli
602 3015 734 3080 fortuna
760 3015 923 3166 patienda.
1012 3011 1192 3102 iduatisque
1221 3014 1339 3081 nostris

242 3101 412 3196 paullatim
440 3100 586 3178 navibus,
630 3107 675 3168 et'
696 3101 759 3168 arti
783 3103 839 3172 cio⁴
915 3103 1124 3168 bernatorum
1161 3099 1336 3167 mobilitati

243 3189 374 3258 narium
394 3189 485 3254 locua
503 3185 643 3254 dabatur
667 3201 712 3266 et,
732 3189 758 3256 si
774 3211 860 3278 quen
883 3215 903 3256 o
925 3187 1025 3254 nostri
1041 3185 1229 3252 facultatem
1251 3187 1337 3254 necti

135 3291 140 3294 '
243 3277 356 3344 feneis
379 3274 526 3342 manibus
553 3275 677 3364 injectis
704 3299 818 3342 navam
846 3275 1073 3365 religaverunt,
1102 3271 1244 3360 undique
1270 3275 1337 3341 suis

244 3466 322 3516 mum
350 3461 518 3516 'l'elooensem
545 3455 590 3514 ubi
617 3478 685 3525 nunc
712 3463 768 3514 hui
818 3474 869 3529 pat.
902 3461 1179 3514 ltaetClc.adDiv.l
1209 3463 1336 3512 'lurica-

243 3538 334 3598 portus
342 3534 366 3580 le
376 3533 437 3580 brus
447 3531 479 3581 ds
490 3533 518 3581 S.
530 3533 625 3594 Gerros
634 3538 660 3578 et
669 3529 768 3580 l’ana-
813 3533 949 3594 ploratum,
963 3533 985 3578 si
996 3529 1108 3578 dubium.
1129 3525 1170 3576 Cl.
1180 3496 1271 3578 ilorat.
1285 3521 1338 3600 Ejp.

243 3603 292 3648 aut.
330 3597 505 3660 Wsauliuya‘ua
521 3597 566 3655 (ad
585 3593 703 3648 Antonio.
725 3595 767 3646 iti·
821 3598 878 3656 Μ,
891 3597 913 3643 6.
925 3593 965 3644 ed.
976 3591 1094 3644 Bentleii.
1113 3589 1337 3644 Curtiuaadl’lm.

240 3661 522 3778 wd'rddzffi'ssalituaic
540 3724 617 3776 codd.
646 3723 698 3776 Alii
708 3725 767 3788 sare·
816 3657 1282 3790 ᾶεὲ.1’1ίῗ.ῧιξῐῗεξῖ1.1ᾙῦἳηᾶ,ὅέ.ρι
1294 3659 1336 3706 58.

232 3801 314 3844 τω.
850 3792 983 3841 Camarum
1050 3785 1257 3848 io,intereadurn
1267 3799 1338 3833 com-

279 3860 388 3909 Antra.
407 3857 448 3908 Cl.
462 3859 536 3916 1,36.
553 3855 591 3905 Μ.
816 3853 923 3904 mittitur
932 3869 987 3918 proe
1000 3853 1062 3902 ium,
1083 3853 1121 3901 M.

245 3967 248 3971 ,
280 3926 609 3987 metamaucum.
633 3921 672 3969 Μ.
689 3920 767 3986 Apul.
849 3923 1044 3982 Praeceptum.
1065 3917 1126 3967 Sunt
1136 3914 1340 3968 adhortationes.

163 3993 172 4004 ‘
244 3979 351 4039 lislam.
362 3990 383 4036 l.
395 3985 631 4047 aratoremTenull.
652 3985 769 4048 Apule.
814 3985 1013 4048 dequibuscep.
1024 3989 1047 4034 4.
1071 3983 1108 4031 Μ.

245 4051 639 4114 θ.ωᾷονεπιωιαωηιάἰιοῐε.-
850 4051 1021 4113 Diducu'aque.
1052 4045 1338 4098 Sicotrdendaecadd.

280 4119 419 4168 Deicaeu.
438 4115 479 4165 Sic
491 4125 518 4166 et
527 4134 552 4167 c.
564 4120 601 4166 1⁴.
815 4125 840 4163 et
852 4117 909 4164 eod.
921 4121 970 4163 ret.
984 4111 1067 4176 Vulgo
1076 4113 1239 4187 deductisque.

281 4182 394 4240 umori,
403 4180 594 4232 nobilitamuu
602 4179 661 4230 orti.
683 4179 721 4228 Μ.
850 4182 948 4230 nares
954 4179 1079 4228 aeonibus.
1090 4193 1113 4226 r·
1125 4177 1177 4226 lud.
1189 4191 1214 4228 m
1222 4179 1338 4240 hermo

281 4250 310 4298 aa·
328 4250 518 4310 tumultuent.
550 4245 635 4296 Duris.
652 4241 765 4294 ualebat
812 4254 949 4296 etmonut·
968 4243 1006 4294 Μ.

244 4316 293 4373 εἰη,
309 4312 353 4362 aed
370 4318 453 4361 nomer
463 4318 488 4361 et
499 4311 562 4362 alibi
573 4311 630 4359 siri
640 4309 677 4359 sic
694 4324 764 4359 usur·
854 4309 859 4316 '
