2909 4809
211 252 297 361 eo'
528 282 592 353 os
614 218 767 393 nauco
789 220 1009 358 osunroo

216 477 407 569 Urbigenus
430 474 627 569 adpellatur,
652 476 719 543 sive
739 476 854 540 timore
877 472 1058 563 perterriti,
1074 495 1116 539 ne
1137 471 1235 538 armis
1250 483 1317 539 trs·

215 566 292 649 ditis
306 564 468 655 supplicio
481 560 708 637 adficerentur,
728 560 794 627 sive
809 584 867 650 spe
879 560 991 627 salutis
1005 558 1140 636 inducti,
1164 560 1265 649 quod,
1282 559 1318 626 in

214 666 308 721 tanta
330 648 536 717 multitudine
561 648 799 722 dediticiorum,
822 670 913 713 suam
932 648 1043 748 fugam
1066 660 1124 711 aut
1147 647 1317 723 occultari,

215 752 275 805 aut
288 739 417 805 omnino
429 736 571 825 ignorari
584 758 675 825 posse
686 734 917 810 existimarent,
929 756 1035 825 pruna
1046 746 1140 799 nocte
1154 755 1195 798 ex
1204 734 1320 800 cestris

219 824 446 893 Helvetiorum
460 821 590 913 egressi,
604 823 646 887 ad
659 820 809 887 Rhenum
823 819 965 909 finesque
980 822 1219 887 Germanorum
1241 844 1317 888 con·

215 912 399 979 tenderunt.

260 1000 314 1065 28.
340 996 437 1075 Quod
451 996 510 1061 ubi
525 996 634 1063 Caesar
647 992 767 1071 resciit,
787 1016 928 1084 quorum
947 1016 1009 1083 per
1027 992 1104 1061 fines
1119 996 1235 1071 ierant,
1254 992 1316 1071 his,

213 1086 266 1166 uti
293 1085 521 1185 conquirerent
544 1095 578 1149 et
599 1080 800 1157 reducerent,
827 1081 854 1146 si
878 1080 941 1146 sibi
955 1082 1089 1170 purgati
1103 1080 1317 1158 essevellent,

214 1172 405 1261 imperavit:
443 1168 593 1237 reductos
622 1168 655 1234 in
677 1166 820 1235 hostium
845 1190 980 1235 nurnero
1008 1167 1137 1235 babuit:
1173 1167 1318 1257 reliquos

213 1281 336 1334 omnes,
368 1256 545 1332 obsidibus,
572 1256 680 1331 annis,
710 1255 857 1347 perfugis
886 1254 1024 1331 traditis,
1054 1256 1087 1321 in
1119 1255 1317 1322 deditioraem

212 1344 352 1435 accepit.
399 1342 579 1420 Helvetios,
593 1340 765 1431 Tulingos,
783 1339 918 1409 Latobri
943 1368 978 1408 os
991 1344 1026 1407 in
1039 1341 1117 1408 fines
1130 1366 1216 1418 suos,
1231 1342 1318 1407 unde

213 1444 309 1497 erant
338 1428 488 1521 profecti,
518 1429 637 1496 reverti
663 1429 758 1517 jussit
786 1441 821 1494 et
849 1366 949 1519 quod,
977 1430 1126 1495 omnibus
1154 1428 1317 1495 fructibus

215 1518 350 1593 amissis,
367 1518 455 1584 domi
470 1514 549 1583 nihil
562 1527 644 1592 erat,
661 1538 727 1604 quo
742 1516 858 1582 famem
873 1514 1060 1594 tolerarent,
1078 1516 1316 1605 Allobrogibus

214 1602 401 1695 imperavit,
431 1617 470 1669 ut
495 1603 533 1669 iis
559 1604 712 1669 frumenti
735 1604 864 1692 copiam
888 1603 1045 1671 facerent:
1081 1602 1091 1667 i
1192 1604 1316 1692 oppida

212 1691 379 1781 vicosque,
403 1715 485 1781 quos
506 1689 722 1767 incenderant,
743 1690 1028 1778 restituere'jussit.
1074 1688 1089 1756 Ι
1127 1714 1165 1757 ea
1178 1692 1315 1757 maxime

213 1778 340 1845 ratione
354 1779 442 1845 fecit.
464 1778 553 1867 quod
575 1775 692 1853 noluit,
712 1800 788 1841 eum
807 1777 926 1853 locum,
944 1776 1028 1843 unde
1044 1775 1188 1843 Helvetii
1201 1777 1315 1843 disces·

212 1878 334 1942 serant,
348 1888 461 1933 vacare
470 1882 483 1940 :'
501 1888 540 1931 ne
580 1876 693 1953 ropter
704 1864 885 1940 bonitatem
897 1886 1052 1951 agrorum
1069 1864 1235 1940 Germani,
1257 1866 1315 1955 qui

213 1966 303 2019 trans
319 1950 469 2019 Rhenum
484 1888 642 2026 incolunt,
665 1950 769 2016 esuis
791 1949 909 2017 finibus
931 1950 964 2016 in
987 1948 1216 2017 Helvetiorum
1237 1950 1315 2017 fines

212 2040 387 2105 transirent
421 2052 456 2103 et
487 2038 627 2104 finitumi
659 2037 777 2103 Gallioe
808 2038 983 2127 provinciae
1015 2037 1316 2127 Allobrogibusque

207 2137 326 2189 essent.
372 2122 482 2198 Boios,
498 2124 684 2213 petentibus
697 2122 823 2201 AEduis,
838 2123 927 2213 quod
939 2124 1070 2212 egregia
1085 2124 1208 2191 virtute
1221 2138 1315 2190 erant

209 2208 348 2299 cogniti,
373 2222 411 2275 ut
430 2210 465 2275 in
478 2206 596 2275 finibus
618 2210 683 2275 suis
698 2210 916 2286 conlocarant,
939 2211 1107 2277 concessit:
1131 2212 1253 2299 quibus
1266 2211 1315 2277 illi

210 2320 308 2385 agros
330 2294 499 2370 dederunt,
521 2318 667 2385 quosque
688 2311 800 2385 postca
823 2298 856 2362 in
871 2320 982 2385 parem
992 2297 1075 2387 juris
1089 2296 1315 2387 libertatisque

208 2382 441 2459 conditionem,
459 2392 558 2471 atque
574 2381 636 2471 ipsi
649 2393 754 2456 erant,
769 2396 973 2471 receperunt.
992 2470 996 2479 ¹
1334 2394 1337 2400 '

249 2548 396 2613 Ordiamur.
434 2547 476 2597 Sic
496 2546 599 2611 qnidam
621 2546 695 2595 codd.
716 2553 744 2595 et
790 2546 873 2595 lacurn
894 2544 1063 2605 constimisse,
1081 2547 1114 2596 sd
1129 2562 1205 2611 quem
1222 2564 1315 2615 pagum

210 2614 435 2679 edd.qnsmquam
452 2609 668 2677 ‘inplerisqueest
683 2612 742 2660 Ver·
792 2610 979 2675 Urbsquoque,
994 2628 1050 2676 quse
1061 2612 1150 2663 doctos
1160 2612 1316 2665 virosdece

211 2679 322 2743 blosius,
347 2686 392 2727 aut
417 2678 568 2753 Vlrblqeoss,
589 2684 634 2726 aut
660 2676 743 2727 Verbi-
850 2676 1011 2739 §spectavit
1029 2677 1136 2727 vuer·
1146 2679 1315 2729 Acadl'sht.

212 2744 304 2807 yinisrs.
338 2741 387 2791 Sed
402 2742 527 2793 Cellenns
543 2742 569 2791 in
584 2740 656 2791 notit.
672 2740 743 2790 orbis
818 2742 852 2790 ol.
874 2742 1117 2806 ut.nia.p.1oa.
1156 2742 1317 2795 Emortuom

157 2812 171 2823 ‘·
201 2805 743 2936 rmum...
790 2804 1236 2935 instituerunt
1256 2825 1317 2938 “gr

215 2932 334 2996 ostendit,
361 2936 496 2999 mmm
515 2950 570 2988 esse
587 2950 669 2985 reram
691 2936 745 2983 lec·
790 2936 867 2986 etiam
880 2935 1028 2999 Scboeptlini
1042 2935 1215 2986 industriadil‘
1266 2948 1316 2991 an

214 2999 322 3059 tionem,
339 3000 400 3065 qnia
416 3001 441 3050 in
460 3000 505 3051 illo
526 2998 652 3051 itinerario
668 3002 744 3059 Urba,
791 3000 890 3067 (ieogra
909 3000 958 3050 trie
979 3001 1179 3065 investigatorem
1197 2954 1316 3053 mnes·
1366 3054 1375 3063 ,

217 3130 737 3182 ...
792 3066 1316 3197 ...m

217 3208 291 3247 rems
314 3194 419 3246 serbmn
443 3147 532 3245 luis’sep
550 3195 677 3259 oram
703 3164 745 3244 vel
792 3198 824 3245 de
839 3196 1001 3255 hstium.
1034 3146 1132 3257 derne,
1150 3200 1221 3247 itte.
1236 3215 1316 3263 squas

225 3264 327 3327 Uroeye,
347 3260 422 3328 idque
438 3260 577 3327 significare
591 3268 697 3310 tractum
712 3261 745 3309 sd
798 3262 943 3324 Vestiam
951 3260 1024 3323 dixit,
1032 3276 1089 3325 quse
1099 3263 1176 3326 vulgo
1186 3264 1318 3315 Βαναία

214 3326 330 3377 Urbamr
346 3342 403 3377 nam
416 3328 482 3387 Ges,
496 3328 562 3387 ooo,
578 3326 627 3386 Ga,
641 3327 745 3375 deesse
792 3326 956 3390 adpellaotnr.

215 3388 556 3467 memormeminemtogit.
582 3389 747 3450 Ct.1,1a.ec
827 3392 1317 3459 Pmomoemtmrsmsooadqtta.

216 3454 442 3521 atdepagisdl.
468 3454 745 3520 Antiquamleotlooem
792 3458 910 3521 eglosss.
941 3456 1068 3517 (ΜΗ.

217 3518 358 3572 *vindicarit
378 3520 547 3595 Schoepfllnus
566 3528 660 3571 uostm
680 3536 745 3570 anno
829 3524 924 3573 Radit.
962 3522 1005 3571 Sic
1031 3520 1140 3572 codices.
1169 3522 1246 3586 vulgo
1275 3540 1317 3574 rs·

216 3585 307 3635 seouti
333 3584 471 3649 superioris
495 3585 652 3650 samgesimo
678 3599 745 3635 nouo
791 3590 867 3637 estoit

217 3650 334 3715 inspecta
350 3650 465 3699 Saloduri
482 3666 525 3700 ara
541 3649 641 3725 lapides
660 3663 746 3700 asaro
829 3652 976 3717 [ambitque
990 3650 1318 3705 CodPetsriiadditRsss-

216 3714 746 3781 ssasrosrrodiosta‚ostendstque,pogum
792 3722 973 3775 mercatos.

217 3780 398 3845 cognominem
414 3794 463 3829 non
482 3781 507 3833 in
527 3780 662 3839 Vaudensi,
676 3783 745 3845 qnod
827 3783 964 3832 Fnots'lsss.
994 3782 1037 3831 Sic
1061 3782 1136 3833 codd
1153 3780 1257 3847 optimi.
1283 3784 1317 3835 sl.

217 3844 376 3911 Geogrspbis
391 3846 474 3896 risum
492 3854 553 3907 erat,
570 3846 614 3895 ssd
632 3844 656 3894 in
675 3844 744 3895 Salo·
784 3846 909 3911 frugibus.

216 3912 312 3961 dorsus
329 3926 389 3975 agro
405 3912 492 3962 larem
510 3910 573 3961 inter
588 3918 615 3959 et
627 3910 745 3961 Rhenum
827 3912 998 3963 [moderaret.
1020 3912 1137 3969 ,Ct.c.⁵.
1153 3914 1192 3962 ΙΙ.

219 3974 297 4025 luisse
319 3976 404 4025 situm.
449 3975 543 4026 Docuit
564 3990 645 4041 porro,
665 3974 746 4041 'rigu-
826 3976 950 4051 Id—per't.
984 3977 1086 4041 Repetit
1104 3984 1131 4027 et
1149 3978 1235 4029 Μ
1255 3980 1315 4030 Plu-

215 4039 299 4094 tlnttnr
317 4054 410 4104 pagum
429 4034 495 4091 siste
514 4043 581 4105 aptrd
596 4037 746 4091 Turicenses
792 4041 870 4091 tarclr.
884 4040 986 4093 rquss.
1000 4058 1025 4091 c.
1039 4046 1077 4093 18.
1094 4044 1133 4093 Μ.

214 4122 274 4159 ene
299 4104 442 4169 quesitum,
467 4122 545 4169 quum
568 4120 611 4157 ara
629 4104 743 4155 Arentici
827 4108 931 4169 Consti
966 4108 1079 4171 Scaliger
1102 4106 1197 4158 omisit.
1222 4108 1316 4159 lubeat

213 4170 326 4227 detecta,
346 4170 424 4219 altera
445 4169 506 4219 item
529 4184 589 4221 oss
614 4184 743 4220 susurru
766 4209 770 4216 .
791 4170 1031 4221 eodd.etedd.vet.
1065 4173 1185 4223 Restituit
1195 4172 1283 4223 navis

213 4234 345 4298 insumpta,
361 4236 428 4283 clare
448 4234 624 4295 demonstrent,
643 4236 743 4285 Fribur·
826 4236 1022 4298 despumato.
1055 4236 1207 4287 emundi
1220 4239 1314 4287 etedd.

214 4298 483 4365 gemallchtlsndirs
493 4316 585 4364 pagrsm
594 4316 652 4351 cum
661 4304 743 4349 Asen-
789 4308 842 4348 set.
857 4302 886 4348 s's
998 4305 1067 4363 μή
1080 4304 1244 4368 Μῶφι
1256 4318 1315 4355 aa*

214 4363 740 4431 tico'l'igsrrinnmpsgumpropeilorstam
787 4308 1153 4452 mmmmm.
