2909 4809
222 276 266 345 44
533 274 595 343 uu
619 266 770 347 mtto
794 271 1012 361 cituco

225 466 397 617 Pslqmaulos,
417 462 474 552 qui
490 484 553 529 uno
569 462 694 529 nomine
711 462 865 529 Germani
879 461 1095 550 adpellantur‚
1109 460 1318 531 arbitrariad

222 553 254 617 X
297 552 340 617 mi
355 552 394 617 ia.

262 639 292 703 5.
317 638 435 713 Caesar,
461 636 578 703 Remos
592 635 779 701 cohortatus
791 634 1031 722 liberaliterque
1046 638 1190 703 oratione
1204 658 1314 721 prose·

222 736 328 799 cutus,
341 747 466 791 omnem
480 736 623 789 senatum
636 724 676 787 ad
691 746 724 787 se
739 722 919 796 convenire,
934 724 1181 823 principumque
1195 722 1318 787 liberos

221 810 397 877 obsidesud
411 835 444 877 se
464 811 577 875 adduci
596 810 699 897 jussit.
737 809 818 881 Quae
837 810 943 873 omnia
963 810 1005 873 ab
1020 809 1067 875 lus
1079 809 1257 896 diligenter
1271 808 1317 875 ad

221 896 304 961 diem
329 898 413 975 facta
442 909 526 961 sunt.
573 894 656 982 lpse,
682 894 880 959 Divitiacum
904 895 1048 959 AEduum
1072 918 1189 983 magno
1216 919 1317 982 opere

223 982 420 1059 cohortatus,
440 982 546 1057 docet,
571 994 693 1068 quanto
718 1004 815 1067 opere
842 981 888 1045 rei
914 982 1054 1068 publicae
1077 1004 1201 1047 commu
1226 982 1233 995 ’
1275 1004 1318 1045 ue

173 1132 177 1141 ,
222 1070 334 1136 salutis
354 1070 491 1143 intersit,
515 1090 625 1133 manus
639 1066 779 1132 hostium
792 1067 947 1143 distineri,
963 1090 1087 1133 necum
1103 1080 1239 1134 tantam
1276 1068 1317 1131 ti-

223 1145 334 1221 tudine
356 1179 421 1221 uno
442 1170 588 1241 tempore
607 1153 841 1239 confligendum
852 1154 903 1217 sit.
942 1152 978 1217 ld
999 1154 1066 1219 fieri
1083 1178 1185 1255 posse,
1205 1155 1232 1219 si
1244 1178 1320 1219 suas

224 1244 331 1329 copias
354 1242 452 1307 AEdui
476 1242 507 1305 in
532 1240 607 1305 fines
633 1240 878 1305 Bellovacorum
898 1240 1135 1306 introduxerint
1151 1254 1185 1305 et
1202 1263 1319 1306 eorum

223 1342 318 1415 agros
333 1328 484 1416 populari
500 1350 548 1391 cos
593 1327 667 1391 rint.
715 1325 776 1389 His
788 1325 955 1402 mandatis,
970 1349 1044 1391 eum
1063 1327 1107 1391 ab
1123 1351 1156 1392 se
1167 1325 1316 1393 dimittit.

226 1414 402 1501 Postquam
417 1437 523 1479 omnes
566 1413 711 1499 elgarum
724 1414 831 1499 copias
846 1413 878 1477 in
893 1435 993 1477 uuum
1007 1410 1116 1479 locum
1129 1425 1255 1479 coactas
1273 1413 1318 1479 ad

224 1524 256 1565 se
272 1502 379 1567 venire
392 1501 483 1575 vidit,
505 1522 544 1565 ne
569 1524 609 1563 uc
629 1500 694 1585 jam
707 1498 802 1585 longe
815 1499 924 1563 abesse
937 1500 979 1563 ab
993 1497 1053 1574 his,
1074 1504 1165 1585 quos
1174 1500 1317 1575 miserat,

223 1588 482 1677 exploratoribus
497 1598 530 1650 et
545 1610 564 1650 a
604 1584 711 1649 Remis
725 1586 888 1671 cognovit,
913 1585 1030 1650 flumen
1045 1587 1203 1669 Axonam,
1226 1586 1319 1672 quod

223 1686 272 1739 est
288 1675 320 1739 in
331 1674 480 1739 extremis
495 1672 670 1737 Remorum
686 1670 815 1746 finibus,
837 1672 1015 1737 exercitum
1030 1670 1235 1737 transducere
1248 1694 1316 1735 ma·
1371 1690 1379 1699 ·

153 1824 159 1833 ,
226 1761 459 1847 turavitatque
474 1760 518 1824 ibi
534 1773 638 1823 castra
652 1757 771 1844 posuit.
818 1758 899 1831 Ques
919 1782 969 1823 res
983 1771 1016 1822 et
1037 1759 1122 1822 latus
1136 1781 1319 1827 unumcas-

226 1859 352 1913 trorum
367 1848 445 1934 ripis
466 1845 602 1911 fluminis
616 1843 781 1909 muniebat
795 1856 840 1918 et,
853 1857 927 1930 post
939 1868 1014 1908 eum
1028 1868 1100 1931 quae
1113 1856 1227 1919 essent,
1243 1856 1319 1909 tuta

224 1933 268 1998 sb
290 1931 617 1999 hostibus.reddebat
640 1944 685 2005 et,
709 1944 903 1995 commeatus
924 1930 968 1995 ab
991 1931 1099 1995 Remis
1121 1929 1318 2016 reliquisque

225 2019 410 2085 civitatibus
427 2033 463 2083 ut
478 2019 542 2083 sine
558 2016 702 2104 periculo
722 2017 762 2081 ad
781 2041 855 2081 eum
877 2017 1000 2117 portari
1015 2030 1133 2104 posset,
1145 2016 1316 2081 efficiebat.

228 2103 266 2171 ln
289 2130 327 2171 eo
351 2106 480 2170 flumine
523 2127 580 2170 ons
602 2117 681 2168 erat.
728 2102 779 2167 lbi
799 2104 981 2189 praesidium
1000 2104 1146 2190 penitet
1168 2104 1200 2167 in
1214 2102 1321 2169 altera

270 2206 320 2257 rte
335 2190 473 2272 fluminis
521 2237 527 2251 .
544 2189 708 2254 Titurium
725 2189 892 2263 Sabinum,
918 2188 1087 2277 Legatum,
1108 2212 1182 2253 cum
1196 2212 1250 2253 sex
1265 2189 1323 2254 co·'

226 2215 375 2343 iibrtibus
401 2276 550 2362 reliquit:
583 2288 688 2339 castra
717 2274 748 2339 in
777 2274 979 2339 altitudinem
1006 2275 1123 2375 pedum
1150 2274 1319 2341 duodecim

171 2400 177 2411 ·
229 2364 326 2438 vallo,
341 2364 486 2461 fossaque
497 2360 717 2448 duodeviginti
731 2361 859 2447 pedum,
874 2362 998 2428 munire
1008 2362 1113 2450 jubet.

221 2494 224 2499 -
264 2452 304 2513 16.
329 2449 385 2513 Ab
415 2446 462 2515 lus
494 2446 604 2511 castris
629 2471 665 2511 o,
698 2447 785 2511 idum
813 2446 1001 2524 Remorum,
1030 2450 1155 2513 nomine
1183 2448 1319 2524 Bibrax,

227 2535 341 2601 aberat
349 2534 436 2601 milia
445 2557 595 2621 passuum
605 2532 634 2597 V
639 2471 700 2596 ill
727 2532 765 2597 ld
776 2556 815 2597 ex
829 2533 942 2599 itinere
954 2558 1069 2622 magno
1082 2537 1194 2623 inpetu
1211 2534 1322 2622 Belgas

229 2644 418 2711 oppugnare
433 2632 611 2709 coeperunt.
658 2618 760 2706 AEgre
780 2643 819 2685 eo
840 2619 892 2684 die
911 2633 1124 2685 sustentatum
1137 2634 1196 2687 est.
1241 2621 1321 2686 Gal·

228 2709 336 2776 lorum
358 2708 466 2773 eadem
487 2720 586 2794 atque
611 2706 669 2771 Bel
693 2729 786 2771 arum
813 2709 1012 2794 oppugnatio
1038 2722 1086 2773 est
1113 2704 1189 2773 hee.
1235 2707 1319 2784 Ubi,

214 2795 433 2881 circumjecta
452 2730 847 2859 multitudineiiominum
875 2793 952 2858 totis
980 2794 1149 2867 moenibus,
1176 2794 1319 2881 undique

147 2914 153 2922 ·
230 2880 350 2968 lapides
362 2882 394 2945 in
407 2902 535 2944 murum
552 2879 614 2971 jaci
626 2880 725 2967 coepti
739 2890 815 2943 sunt
835 2903 1011 2966 murusque
1030 2880 1248 2947 defensoribus
1261 2899 1321 2945 nu·

228 2968 323 3033 datus
341 2978 402 3042 est,
424 2966 581 3031 testudine
603 2966 686 3029 iacta
705 2978 816 3052 portas
838 2966 1013 3031 succedunt
1032 2990 1225 3055 murumque
1243 2967 1321 3031 sub·

264 3156 357 3217 Magno
373 3157 567 3216 opere-quanto
587 3164 665 3213 opere.
708 3148 749 3197 Sic
831 3150 1106 3217 Duoderiqintipedum.
1126 3151 1321 3200 stewechiusad

228 3220 345 3269 Oudend.
361 3216 460 3266 ecodd.
799 3214 932 3275 vegetium
948 3220 972 3273 8,
982 3218 1007 3263 8.
1028 3216 1215 3265 rescribendum
1235 3226 1322 3264 censet

264 3280 464 3333 Distinet-imula
474 3278 638 3329 aliiiietineri.
797 3280 915 3328 xlx.e1
932 3281 1081 3345 praescripto
1097 3280 1170 3329 istius
1187 3282 1218 3329 de
1235 3278 1319 3343 inpari

269 3349 340 3397 Vidit.
358 3344 531 3396 Hoeverbum
543 3342 683 3391 Oudend.e
697 3341 751 3391 suis
796 3358 911 3393 numero.
943 3354 1045 3394 temere.
1075 3360 1120 3394 nec
1146 3345 1214 3394 enim
1245 3345 1320 3408 buius

229 3414 303 3464 codd.
317 3420 343 3460 et
352 3420 414 3469 vett,
428 3412 485 3458 edd.
496 3406 614 3467 restituit,
628 3407 751 3457 omissum
797 3408 876 3457 moris
885 3410 1023 3459 observans
1037 3410 1120 3460 Cesar
1128 3411 1185 3459 suit.
1197 3411 1235 3459 ·V.
1245 3412 1269 3468 7,
1277 3412 1320 3458 86.

229 3480 334 3529 sortasse
348 3492 389 3535 eo,
399 3478 468 3539 quod
479 3489 539 3522 mox
548 3476 655 3536 cognouit
664 3488 753 3536 seque-
798 3476 839 3521 ts.
856 3473 886 3521 C.
901 3478 921 3532 l,
931 3478 972 3523 61.
999 3474 1116 3535 ctos..
1132 3476 1205 3524 misc.
1222 3474 1279 3523 erit.
1291 3474 1319 3524 iu

227 3546 311 3595 batur.
335 3542 374 3589 M.
796 3548 864 3586 auct.
876 3548 894 3586 t.
906 3544 931 3589 8.
948 3554 975 3602 p.
986 3542 1044 3588 383.

267 3610 323 3657 Post
342 3622 398 3655 nrm
419 3620 454 3652 sc.
487 3604 620 3652 Cursarem.
649 3600 753 3649 Monuit
831 3604 1021 3667 Muairsjubet.
1045 3605 1113 3653 Bene
1130 3604 1168 3653 sic
1183 3602 1326 3653 subaudita

230 3671 356 3722 Clarkius.
371 3668 436 3728 Qum
448 3668 525 3717 lectio
533 3684 591 3716 curn
599 3676 665 3715 esset
673 3666 751 3729 paulo
795 3668 940 3717 accusativo
949 3684 1073 3731 personis.

230 3735 375 3795 obscurior,
389 3732 543 3785 commutari
552 3742 664 3795 emptum
674 3740 713 3778 est
724 3728 751 3779 in
834 3735 1053 3783 cinomia-[lte.
1074 3734 1112 3781 Ex
1123 3733 1263 3797 multiplici
1274 3748 1320 3782 ru-

230 3822 270 3863 sa,
285 3802 353 3867 quod
373 3800 459 3863 vulgg.
472 3799 530 3847 edd.
550 3797 644 3845 habent
663 3804 753 3844 contre
797 3795 885 3845 riemte
896 3797 1015 3847 lectionis
1026 3798 1142 3847 Oudend.
1159 3798 1185 3845 id
1201 3800 1272 3863 quod
1293 3798 1320 3849 iu

213 3860 307 3917 ‘codd
325 3867 363 3914 M.
399 3866 439 3914 Ea
450 3862 557 3926 inrepsit
566 3878 597 3910 ex
609 3860 752 3923 conjecturs
797 3868 865 3909 textu
886 3880 952 3912 nunc
970 3872 1017 3921 est,
1033 3863 1138 3926 recepit.
1155 3863 1320 3927 Eddaulgg.

232 3928 374 3981 ciacconii.
386 3928 506 3978 Davisius
516 3928 542 3974 ei
554 3942 613 3976 eum
628 3924 753 3973 referebat
798 3924 906 3976 babent:
927 3930 993 3977 Gau.
1007 3930 1063 3978 eud.
1080 3936 1154 3991 arque
1177 3930 1245 3992 Beip.
1263 3944 1320 3991 opp.

231 3998 263 4046 nd
279 3994 427 4044 exercitum.
460 3996 546 4043 Essent
561 4005 663 4055 quoque
677 3990 752 4037 codd.
796 3998 840 4038 est.
859 3993 1087 4051 Hi,ubi—lstud
1102 3995 1154 4041 iraee
1167 4001 1212 4040 aut
1228 3994 1265 4040 Ili
1280 4009 1321 4041 re·

128 4076 131 4081 ·
232 4061 358 4111 babentet
368 4060 486 4105 eddvet.
498 4072 544 4120 pro
555 4072 607 4119 quo
618 4053 753 4103 sliimmi.
797 4054 900 4104 dundst.
918 4058 955 4105 Μ.
990 4056 1145 4105 nechabet
1162 4056 1320 4118 Flodoardus

267 4122 509 4185 Possetelpossent.
799 4118 824 4166 in
836 4120 997 4168 histeccles.
1016 4122 1091 4170 Rom.
1105 4124 1127 4181 l,
1139 4126 1163 4169 2.

266 4190 381 4251 Reliquit.
391 4188 557 4249 alacrisque.
590 4222 592 4229 .
833 4186 920 4235 Portos
936 4186 1072 4236 meminit.
1090 4186 1125 4234 al.
1144 4190 1229 4250 portis.
1269 4184 1320 4253 Sed

272 4256 300 4303 ln
310 4252 472 4302 altitudines.
483 4248 751 4298 coriosolitarum
796 4249 957 4299 accusativus
965 4260 1031 4299 recte
1042 4268 1070 4299 se.
1079 4250 1164 4299 hebet.
1187 4250 1229 4299 Sic
1240 4250 1321 4299 Silius

231 4318 366 4369 altitudine.
389 4314 436 4363 Sed
447 4314 518 4379 prior
526 4315 606 4362 lorrne
623 4320 710 4362 nostro
726 4320 753 4360 et
801 4314 841 4373 10,
860 4316 917 4365 596.
936 4316 1062 4368 succedere
1078 4330 1172 4365 murus.
1198 4316 1257 4366 Ltv.
1275 4320 1317 4374 99,

230 4378 752 4447 elii-frequentioncr.1,s.e,⁷.s.s,1³.
797 4380 1320 4468 sesamumrsciiuqaeumm,
1384 4438 1394 4449 ‚
