2909 4809
231 242 302 310 414
387 235 393 244 ’

510 332 513 336 ⁸
570 240 635 310 on
656 239 810 313 assso
833 233 995 306 o1v1s1.
1029 239 1064 248 ··

279 429 351 496 106.
375 429 495 507 ΟΜ,
509 451 630 518 paucos
643 427 713 496 dies
734 429 768 496 in
784 429 863 499 Asia
876 438 1035 505 moratus,
1087 447 1166 494 uum
1186 425 1351 494 audisset

233 509 426 608 Pompeium
453 517 558 608 Cypri
586 516 702 594 visum,
731 519 923 606 conjectans,
954 539 1028 582 eum
1104 527 1246 606 gyptum
1273 514 1349 582 iter

232 603 363 687 habere,
390 619 528 696 propter
549 605 792 672 necessitudines
821 604 931 694 Regni
952 603 1161 691 reliquasque
1181 603 1252 692 ejus
1275 603 1349 669 loci

233 693 508 782 obportunitates,
535 715 610 760 cum
632 692 827 782 legionibus,
843 715 918 770 uua,
941 713 1040 778 quarn
1061 715 1101 756 er
1118 689 1285 760 Theoslis

233 781 323 868 sequi
335 781 486 870 jusserat,
508 792 544 846 et
564 781 681 858 altera,
697 801 795 868 quam
808 803 849 846 ex
865 778 991 845 Achaia
1005 801 1025 844 a
1041 778 1083 854 Q.
1102 775 1196 844 Fufio
1305 788 1349 842 to

141 881 144 885 ’
233 879 442 945 evocaverat,
499 866 784 957 uitibusqueoctin
809 867 892 932 entis
912 877 947 932 et
966 865 1104 937 navibus
1126 863 1235 956 longis
1308 888 1349 930 o-

233 951 294 1019 diis
308 953 421 1021 decem
434 964 468 1020 et
514 955 633 1021 siaticis
648 954 759 1043 paucis
806 954 1004 1020 lexandriam
1028 953 1189 1042 pervenit.
1236 951 1279 1016 ln
1294 949 1349 1017 his

234 1054 329 1107 erant
346 1041 528 1143 legionibus
539 1041 706 1108 hominum
717 1041 783 1108 tria
797 1042 888 1108 milia
901 1043 982 1116 CO;
1005 1039 1133 1128 reliqui,
1149 1039 1348 1106 vulneribus

234 1149 277 1194 ex
291 1130 415 1217 prcehis
429 1142 464 1195 et
481 1129 594 1196 labore
616 1153 656 1195 ac
678 1153 731 1196 ma
778 1129 902 1195 itudine
933 1129 1056 1194 itineris
1083 1125 1233 1208 confecti,
1263 1147 1347 1192 con·

235 1217 326 1302 sequi
352 1236 417 1283 non
439 1226 626 1320 potuerant.
683 1218 708 1283 S
780 1217 903 1294 Csesar,
933 1213 1069 1283 conlisus
1105 1217 1191 1280 sams
1228 1235 1346 1279 rerum

232 1314 409 1390 gestarum,
441 1304 574 1370 infirmis
594 1301 721 1371 auxiliis
742 1302 901 1394 proficisci
921 1325 986 1370 non
1005 1301 1216 1370 dubitaverat
1236 1313 1344 1388 atquc

234 1411 361 1455 omnem
382 1389 442 1457 sibi
472 1391 585 1458 locum*
613 1404 724 1460 tutum
755 1392 826 1460 fore
856 1391 1072 1458 existimabat.
1129 1387 1343 1454 Alexandria

233 1475 276 1541 de
312 1477 456 1566 Pompeii
481 1490 588 1545 morte
613 1479 802 1581 cognoscit:
842 1492 943 1566 atque
972 1478 1020 1547 ibi
1069 1477 1188 1544 rimum
1214 1499 1233 1540 a
1261 1473 1343 1540 navi

234 1565 401 1651 egrffiens
430 1565 606 1633 clamorem
632 1566 770 1632 militum
797 1565 901 1642 audit,
939 1588 1022 1653 quos
1083 1588 1124 1630 ex
1150 1563 1183 1629 in
1212 1560 1342 1666 oppido

234 1650 374 1740 presidii
397 1675 508 1720 caussa
531 1654 721 1744 reliquerat,
749 1666 784 1720 et
813 1675 1006 1720 concursum
1026 1653 1067 1718 ad
1088 1676 1120 1717 se
1141 1649 1213 1714 lieri
1235 1649 1341 1726 videt,

232 1739 322 1827 quod
357 1740 457 1806 fasces
490 1742 744 1811 anteferrentur.
790 1740 828 1808 In
859 1741 919 1806 hoc
950 1741 1052 1806 omnis
1073 1737 1251 1806 multitudo
1273 1759 1340 1803 ms»

228 1825 380 1914 jestatem
403 1826 541 1916 Regiam
562 1829 664 1894 minui
691 1827 900 1917 praedicabat.
947 1827 1021 1893 Hoc
1042 1827 1153 1893 sedato
1176 1825 1340 1900 tumultu,

232 1915 357 1981 crabroe
375 1915 536 1981 continuis
557 1916 673 1982 diebus
695 1939 737 1981 er
760 1935 918 1982 concursu
945 1911 1168 1981 multitudinis
1196 1912 1340 1978 concita-

120 2045 126 2056 ι
190 2048 196 2060 .
231 2000 335 2067 tiones
364 2000 498 2077 fiebant,
533 2003 779 2092 compluresque
805 2002 923 2069 milites
957 2001 1051 2092 hujus
1075 2001 1165 2067 urbis
1191 1999 1340 2066 omuibus

233 2089 381 2176 partibus
393 2089 660 2158 interficiebatur.
825 2165 831 2176 N

260 2175 351 2251 iot.
386 2176 513 2252 Quibus
541 2178 639 2243 rebus
664 2175 905 2255 animadversis,
935 2173 1080 2266 legiones
1104 2173 1166 2240 sibi
1192 2172 1270 2240 alias
1297 2197 1338 2242 ex

164 2335 168 2342 ¹
233 2261 313 2328 Asia
333 2261 453 2328 adduci
466 2262 572 2352 jussit,
586 2287 666 2352 quas
677 2288 720 2330 ex
736 2263 941 2353 Pompeianis
956 2263 1114 2330 militibus
1129 2260 1336 2328 confecerat:

233 2349 303 2438 ipse
326 2349 412 2415 enim
433 2350 610 2416 necessario
633 2350 738 2418 etesiis
761 2353 947 2428 tenebatur,
964 2351 1021 2439 qui
1037 2347 1236 2415 Alexandria
1250 2349 1338 2414 navi·

277 2433 389 2503 ntibus
423 2447 501 2507 sunt
526 2435 740 2504 adversissimi
772 2439 872 2506 venti.
931 2437 1068 2504 Interim
1102 2435 1336 2502 controversias

266 2547 365 2612 egum
389 2521 432 2590 ad
457 2523 622 2616 Populum
646 2523 830 2592 Romanum
856 2537 891 2592 et
912 2526 956 2592 ad
976 2549 1022 2602 se,
1045 2521 1138 2612 quod
1151 2521 1334 2590 essaeos·

232 2610 295 2690 sul,
321 2610 489 2704 pertinere
506 2611 701 2692 existimans,
730 2625 830 2702 atque
855 2637 895 2680 eo
923 2611 1023 2702 magis
1048 2611 1154 2686 officio
1176 2632 1237 2676 suc
1263 2631 1335 2678 con·

231 2811 374 2863 lactasses.
402 2813 480 2872 Quod
490 2813 538 2864 etsi
547 2823 705 2864 semmestr
720 2822 760 2864 ta·
845 2815 1005 2880 helmicu-
1054 2815 1096 2868 Al.
1132 2815 1332 2878 leqionctiom,

231 2893 299 2938 men,
316 2879 338 2928 si
357 2879 443 2929 Cesar
461 2880 511 2929 hoc
530 2880 663 2940 voluisset,
680 2880 759 2944 scrip
811 2881 882 2945 quod
895 2881 978 2944 placet
990 2879 1207 2940 Vossio,temera.

232 2944 306 2992 sisset
327 2952 404 2994 maro
425 2949 509 2994 suerri
526 2949 680 3020 parim,
708 2959 760 2995 non
845 2947 1006 3009 DePompeii
1016 2953 1105 2996 morte.
1130 2943 1212 3009 Cujus
1223 2951 1333 3010 caputet

232 3017 316 3058 sutem
324 3016 399 3059 enm
407 3013 435 3058 irs
444 3016 503 3059 tecto
516 3026 548 3057 ee·
558 3014 708 3073 messenia,
721 3011 761 3060 in·
811 3011 928 3071 annulus,
940 3011 1013 3060 leone
1024 3025 1111 3062 ensem
1120 3017 1221 3060 tenente
1231 3008 1333 3073 insigni·

232 3073 345 3138 rerjectis
353 3074 431 3123 etiam
441 3073 595 3138 quibusdam
603 3073 688 3124 verbis
696 3074 761 3124 inter
810 3075 964 3136 tus‚('rsssri
983 3075 1017 3126 ab
1034 3075 1128 3126 aulicis
1144 3075 1276 3140 Ptolemaei
1286 3075 1334 3124 ob·

232 3153 273 3198 es,
289 3155 347 3204 quse
363 3139 454 3189 divelli
473 3139 608 3200 cogitando
629 3153 679 3189 non
702 3155 762 3204 pos·
811 3140 954 3200 istasunt,
976 3157 1084 3205 quorum
1111 3141 1233 3204 adspectu
1261 3139 1333 3188 lacri-

233 3211 298 3253 sunt.
326 3207 364 3254 M.
390 3205 497 3254 Temere
509 3203 614 3254 Ursinus
629 3211 679 3253 una
696 3221 760 3255 voce
809 3221 892 3256 masse
914 3205 1027 3256 dicitur:
1061 3205 1191 3256 Plutarch.
1218 3205 1331 3268 Pompei.

182 3285 190 3299 ⁸
232 3270 558 3334 istestolegeresusdebat.
590 3269 665 3328 Quod
677 3271 762 3335 sequi·
810 3275 925 3335 capto.
943 3269 1008 3322 Cres.
1025 3287 1049 3321 c.
1066 3275 1107 3321 48.
1141 3273 1263 3322 Praeterea
1283 3269 1331 3320 Dic

232 3339 402 3387 turesstttisse
417 3333 545 3399 significat
562 3337 716 3401 adposuisse.
735 3351 761 3385 r.
810 3336 883 3386 Cass.
893 3339 936 3396 49,
959 3341 988 3386 18
1005 3337 1087 3397 retest,
1108 3337 1198 3386 Romo
1212 3349 1263 3385 uon
1274 3343 1329 3384 suta

233 3400 288 3449 lud.
809 3401 933 3451 creditum
943 3403 1039 3452 esseda
1049 3399 1330 3466 necePcmpeii‚qusm

809 3467 864 3532 ejus
873 3469 981 3517 annulus
991 3483 1022 3517 eo
1038 3466 1116 3528 iperii
1131 3467 1242 3517 adlatus‘
1258 3481 1330 3529 quem

811 3534 935 3582 annulum
956 3531 1018 3582 dicit
1039 3533 1088 3583 tria
1105 3529 1331 3598 trcpoesinsculpis

812 3597 948 3647 habuisses
965 3599 997 3646 de
1008 3613 1060 3662 quo
1072 3599 1164 3648 Dionis
1174 3606 1200 3647 et
1207 3595 1330 3646 Plutarchi

811 3663 926 3712 dissensu
937 3663 1052 3714 laborare
1060 3664 1207 3726 velle,loret
1216 3661 1332 3728 temporis

267 3467 301 3515 Iu
324 3467 393 3516 Asia.
429 3467 479 3516 Per
495 3465 561 3516 banc
582 3465 763 3516 commoratio-

232 3541 290 3580 nem
318 3529 421 3581 Cnidiis
447 3531 594 3582 libertatem
627 3531 762 3586 concessit,

232 3610 285 3710 pus
297 3598 373 3662 poulo
385 3606 443 3647 aute
458 3597 596 3648 Thessalos
614 3597 640 3647 is
659 3599 763 3660 Europa

250 3671 378 3712 enaverat.
400 3663 532 3712 Plutarch.
552 3663 577 3714 iu
594 3663 661 3714 Ces.
678 3677 703 3712 c.
720 3665 762 3711 48.

103 3767 110 3784 ,
223 3729 281 3776 -Ms
812 3727 912 3778 inutilis
920 3729 1027 3792 jactura.
1055 3729 1094 3778 M.

267 3795 410 3860 AEqyyiissm
431 3797 480 3843 iter
496 3795 596 3845 maen.
627 3793 669 3843 Sic
685 3795 761 3843 codd.

233 3861 368 3924 subpressa
380 3859 571 3925 praepositione.
590 3859 675 3924 Vulgo
689 3859 762 3908 addi·

230 3931 278 3974 tur.

185 4039 194 4058 ,
267 3991 464 4041 Necessitudiues
482 3992 572 4055 Requi.
601 3991 666 4039 Cum
685 3999 755 4054 patre

177 4107 182 4121 ,
231 4054 757 4121 Regisjusliospitiil'ompeiushabuerat.

231 4121 308 4170 cte.
322 4124 376 4170 los.
393 4123 433 4170 M.

265 4189 285 4236 Α
297 4187 328 4240 Q·
341 4187 423 4250 Μο.
446 4187 593 4238 Prencmen
604 4187 756 4239 erodunt-

229 4249 386 4306 inisero..

846 3797 961 3843 Cestros.
985 3796 1068 3908 Regis,
1085 3791 1208 3858 Regis⁰t
1222 3791 1326 3857 Cleops-

810 3867 864 3919 πω,
877 3858 979 3908 sororis.
990 3859 1016 3908 vi
1037 3873 1077 3908 .c.
1093 3863 1147 3909 1⁰8.
1164 3857 1206 3908 Sic
1218 3859 1248 3907 B.
1259 3860 1326 3908 Ales,

812 3927 852 3972 88.
865 3922 920 3972 Liv.
936 3927 957 3972 1.
971 3926 1010 3972 89.
1026 3927 1100 3974 ccciii
1114 3925 1202 3987 Rspes,
1216 3923 1328 3974 heller

811 3999 838 4037 et
852 3988 969 4052 Reginus
999 3988 1044 4038 ubi
1067 4003 1091 4039 r.
1112 3989 1329 4038 amouens

806 4054 947 4104 honborch.
955 4053 995 4104 Cf.
1002 4055 1111 4106 Bentlei.
1118 4057 1149 4104 sd
1157 4055 1245 4104 Horat.
1254 4054 1328 4104 Senu.

809 4122 933 4179 r,1‚1oo.
950 4121 988 4169 rr.
1185 4135 1187 4144 ν

841 4185 970 4235 Per-tiam
980 4190 1133 4237 existiment.
1164 4183 1218 4235 Alii
1236 4183 1328 4248 judica·

807 4257 874 4312 runt,
891 4250 1016 4304 Cassum
1036 4265 1086 4304 noc
1099 4247 1270 4304 mcesssrisrm
1285 4249 1329 4300 hcc
