<?xml version="1.0" encoding="UTF-8"?>
<!DOCTYPE html PUBLIC "-//W3C//DTD XHTML 1.0 Transitional//EN"
    "http://www.w3.org/TR/xhtml1/DTD/xhtml1-transitional.dtd">
<html xmlns="http://www.w3.org/1999/xhtml" xml:lang="en" lang="en">
 <head>
  <title>
</title>
<meta http-equiv="Content-Type" content="text/html;charset=utf-8" />
  <meta name='ocr-system' content='tesseract 3.04.00' />
  <meta name='ocr-capabilities' content='ocr_page ocr_carea ocr_par ocr_line ocrx_word'/>
</head>
<body>
  <div class='ocr_page' id='page_1' title='image "./cjuliicaesarisc00obergoog/cjuliicaesarisc00obergoog_0134.png"; bbox 0 0 2909 4809; ppageno 0'>
   <div class='ocr_carea' id='block_1_1' title="bbox 239 252 1032 331">
    <p class='ocr_par' dir='ltr' id='par_1_1' title="bbox 239 252 1032 331">
     <span class='ocr_line' id='line_1_1' title="bbox 239 252 1032 331; baseline -0.003 0"><span class='ocrx_word' id='word_1_1' title='bbox 239 262 282 331; x_wconf 74' lang='grc'>96</span> <span class='ocrx_word' id='word_1_2' title='bbox 542 260 605 329; x_wconf 80' lang='grc' dir='ltr'>ΒΕ</span> <span class='ocrx_word' id='word_1_3' title='bbox 628 252 780 329; x_wconf 80' lang='lat' dir='ltr'>nnnto</span> <span class='ocrx_word' id='word_1_4' title='bbox 803 252 1032 330; x_wconf 58' lang='lat' dir='ltr'>cituco,</span> 
     </span>
    </p>
   </div>
   <div class='ocr_carea' id='block_1_2' title="bbox 200 446 1350 811">
    <p class='ocr_par' dir='ltr' id='par_1_2' title="bbox 200 446 1350 811">
     <span class='ocr_line' id='line_1_2' title="bbox 235 446 1347 538; baseline -0.002 -23"><span class='ocrx_word' id='word_1_5' title='bbox 235 460 363 525; x_wconf 83' lang='lat' dir='ltr'>nerent,</span> <span class='ocrx_word' id='word_1_6' title='bbox 375 446 686 523; x_wconf 84' lang='lat' dir='ltr'>interseconlocuti,</span> <span class='ocrx_word' id='word_1_7' title='bbox 695 470 798 538; x_wconf 92' lang='lat' dir='ltr'>quum</span> <span class='ocrx_word' id='word_1_8' title='bbox 808 447 934 536; x_wconf 88' lang='lat' dir='ltr'>equites</span> <span class='ocrx_word' id='word_1_9' title='bbox 944 457 979 515; x_wconf 84' lang='lat' dir='ltr'>et</span> <span class='ocrx_word' id='word_1_10' title='bbox 988 470 1085 515; x_wconf 85' lang='lat' dir='ltr'>naves</span> <span class='ocrx_word' id='word_1_11' title='bbox 1096 446 1347 515; x_wconf 74' lang='lat' dir='ltr'>estrumentum</span> 
     </span>
     <span class='ocr_line' id='line_1_3' title="bbox 238 534 1350 625; baseline -0.003 -23"><span class='ocrx_word' id='word_1_12' title='bbox 238 536 389 603; x_wconf 76' lang='lat' dir='ltr'>Romanis</span> <span class='ocrx_word' id='word_1_13' title='bbox 402 534 510 601; x_wconf 85' lang='lat' dir='ltr'>deesse</span> <span class='ocrx_word' id='word_1_14' title='bbox 529 534 758 625; x_wconf 82' lang='lat' dir='ltr'>intellegerent</span> <span class='ocrx_word' id='word_1_15' title='bbox 782 548 817 599; x_wconf 89' lang='lat' dir='ltr'>et</span> <span class='ocrx_word' id='word_1_16' title='bbox 836 535 1033 623; x_wconf 68' lang='lat' dir='ltr'>paucitatem</span> <span class='ocrx_word' id='word_1_17' title='bbox 1055 535 1195 601; x_wconf 86' lang='lat' dir='ltr'>militum</span> <span class='ocrx_word' id='word_1_18' title='bbox 1218 537 1262 601; x_wconf 81' lang='lat' dir='ltr'>ex&#39;</span> <span class='ocrx_word' id='word_1_19' title='bbox 1275 556 1350 599; x_wconf 81' lang='lat' dir='ltr'>cns-</span> 
     </span>
     <span class='ocr_line' id='line_1_4' title="bbox 200 620 1346 711; baseline -0.002 -22"><span class='ocrx_word' id='word_1_20' title='bbox 200 686 201 693; x_wconf 71' lang='grc'>,</span> <span class='ocrx_word' id='word_1_21' title='bbox 234 634 361 690; x_wconf 88' lang='lat' dir='ltr'>trorum</span> <span class='ocrx_word' id='word_1_22' title='bbox 389 622 564 711; x_wconf 78' lang='lat' dir='ltr'>exiguitate</span> <span class='ocrx_word' id='word_1_23' title='bbox 590 631 833 710; x_wconf 77' lang='lat' dir='ltr'>cognoscerent,</span> <span class='ocrx_word' id='word_1_24' title='bbox 861 646 936 709; x_wconf 81' lang='lat' dir='ltr'>quae</span> <span class='ocrx_word' id='word_1_25' title='bbox 960 620 1021 687; x_wconf 89' lang='lat' dir='ltr'>hoc</span> <span class='ocrx_word' id='word_1_26' title='bbox 1047 633 1142 690; x_wconf 83' lang='lat' dir='ltr'>erant</span> <span class='ocrx_word' id='word_1_27' title='bbox 1159 625 1265 706; x_wconf 80' lang='lat' dir='ltr'>etiem</span> <span class='ocrx_word' id='word_1_28' title='bbox 1283 644 1346 687; x_wconf 86' lang='lat' dir='ltr'>an·</span> 
     </span>
     <span class='ocr_line' id='line_1_5' title="bbox 236 708 1347 811; baseline -0.004 -34"><span class='ocrx_word' id='word_1_29' title='bbox 236 710 393 799; x_wconf 63' lang='lat' dir='ltr'>gustiorm</span> <span class='ocrx_word' id='word_1_30' title='bbox 415 710 510 811; x_wconf 71' lang='lat' dir='ltr'>quod,</span> <span class='ocrx_word' id='word_1_31' title='bbox 525 710 592 775; x_wconf 89' lang='lat' dir='ltr'>sine</span> <span class='ocrx_word' id='word_1_32' title='bbox 613 708 837 798; x_wconf 76' lang='lat' dir='ltr'>inpedimentis</span> <span class='ocrx_word' id='word_1_33' title='bbox 852 708 960 775; x_wconf 84' lang='lat' dir='ltr'>Caesar</span> <span class='ocrx_word' id='word_1_34' title='bbox 981 708 1122 796; x_wconf 79' lang='lat' dir='ltr'>legiones</span> <span class='ocrx_word' id='word_1_35' title='bbox 1140 720 1347 797; x_wconf 72' lang='lat' dir='ltr'>transporte-</span> 
     </span>
    </p>
   </div>
   <div class='ocr_carea' id='block_1_3' title="bbox 143 792 1352 3499">
    <p class='ocr_par' dir='ltr' id='par_1_3' title="bbox 231 792 1352 2274">
     <span class='ocr_line' id='line_1_6' title="bbox 237 792 1348 885; baseline -0.003 -22"><span class='ocrx_word' id='word_1_36' title='bbox 237 808 343 873; x_wconf 80' lang='lat' dir='ltr'>verct,</span> <span class='ocrx_word' id='word_1_37' title='bbox 367 810 526 885; x_wconf 80' lang='lat' dir='ltr'>optimum</span> <span class='ocrx_word' id='word_1_38' title='bbox 547 796 637 861; x_wconf 78' lang='lat' dir='ltr'>factu</span> <span class='ocrx_word' id='word_1_39' title='bbox 667 819 736 861; x_wconf 86' lang='lat' dir='ltr'>esse</span> <span class='ocrx_word' id='word_1_40' title='bbox 757 792 933 872; x_wconf 85' lang='lat' dir='ltr'>duxerunt,</span> <span class='ocrx_word' id='word_1_41' title='bbox 954 796 1132 862; x_wconf 84' lang='lat' dir='ltr'>rebellione</span> <span class='ocrx_word' id='word_1_42' title='bbox 1152 796 1348 873; x_wconf 55' lang='lat' dir='ltr'>fremitu·</span> 
     </span>
     <span class='ocr_line' id='line_1_7' title="bbox 237 880 1347 971; baseline -0.002 -22"><span class='ocrx_word' id='word_1_43' title='bbox 237 898 348 949; x_wconf 87' lang='lat' dir='ltr'>mento</span> <span class='ocrx_word' id='word_1_44' title='bbox 362 895 603 969; x_wconf 78' lang='lat' dir='ltr'>commeatuque</span> <span class='ocrx_word' id='word_1_45' title='bbox 618 894 744 947; x_wconf 87' lang='lat' dir='ltr'>nostros</span> <span class='ocrx_word' id='word_1_46' title='bbox 760 880 934 970; x_wconf 87' lang='lat' dir='ltr'>prohibere</span> <span class='ocrx_word' id='word_1_47' title='bbox 948 894 983 947; x_wconf 89' lang='lat' dir='ltr'>et</span> <span class='ocrx_word' id='word_1_48' title='bbox 996 905 1064 949; x_wconf 86' lang='lat' dir='ltr'>rem</span> <span class='ocrx_word' id='word_1_49' title='bbox 1078 883 1111 948; x_wconf 93' lang='lat' dir='ltr'>in</span> <span class='ocrx_word' id='word_1_50' title='bbox 1122 882 1258 949; x_wconf 88' lang='lat' dir='ltr'>hiemem</span> <span class='ocrx_word' id='word_1_51' title='bbox 1267 904 1347 971; x_wconf 89' lang='lat' dir='ltr'>pro-</span> 
     </span>
     <span class='ocr_line' id='line_1_8' title="bbox 238 968 1348 1057; baseline 0 -22"><span class='ocrx_word' id='word_1_52' title='bbox 238 968 369 1047; x_wconf 88' lang='lat' dir='ltr'>ducere,</span> <span class='ocrx_word' id='word_1_53' title='bbox 416 970 495 1046; x_wconf 92' lang='lat' dir='ltr'>uod,</span> <span class='ocrx_word' id='word_1_54' title='bbox 517 968 554 1033; x_wconf 86' lang='lat' dir='ltr'>iis</span> <span class='ocrx_word' id='word_1_55' title='bbox 574 968 748 1057; x_wconf 83' lang='lat' dir='ltr'>superatis,</span> <span class='ocrx_word' id='word_1_56' title='bbox 769 980 828 1033; x_wconf 87' lang='lat' dir='ltr'>aut</span> <span class='ocrx_word' id='word_1_57' title='bbox 845 969 953 1039; x_wconf 84' lang='lat' dir='ltr'>reditu</span> <span class='ocrx_word' id='word_1_58' title='bbox 968 969 1160 1045; x_wconf 88' lang='lat' dir='ltr'>interclusis,</span> <span class='ocrx_word' id='word_1_59' title='bbox 1185 968 1348 1035; x_wconf 84' lang='lat' dir='ltr'>neminem</span> 
     </span>
     <span class='ocr_line' id='line_1_9' title="bbox 261 1054 1352 1210; baseline -0.004 -85"><span class='ocrx_word' id='word_1_60' title='bbox 261 1144 284 1210; x_wconf 75' lang='lat' dir='ltr'>d</span> <span class='ocrx_word' id='word_1_61' title='bbox 296 1071 367 1209; x_wconf 52' lang='grc' dir='ltr'>ἵξῃ</span> <span class='ocrx_word' id='word_1_62' title='bbox 363 1059 404 1125; x_wconf 95' lang='lat' dir='ltr'>be</span> <span class='ocrx_word' id='word_1_63' title='bbox 432 1056 439 1071; x_wconf 83' lang='lat'><strong><em>&#39;</em></strong></span> <span class='ocrx_word' id='word_1_64' title='bbox 455 1054 614 1123; x_wconf 87' lang='lat' dir='ltr'>inferendi</span> <span class='ocrx_word' id='word_1_65' title='bbox 636 1079 747 1123; x_wconf 72' lang='lat' dir='ltr'>caussa</span> <span class='ocrx_word' id='word_1_66' title='bbox 767 1055 801 1120; x_wconf 92' lang='lat' dir='ltr'>in</span> <span class='ocrx_word' id='word_1_67' title='bbox 817 1054 1020 1122; x_wconf 71' lang='lat' dir='ltr'>Britanniam</span> <span class='ocrx_word' id='word_1_68' title='bbox 1038 1056 1253 1123; x_wconf 88' lang='lat' dir='ltr'>transiturum</span> <span class='ocrx_word' id='word_1_69' title='bbox 1266 1078 1352 1143; x_wconf 81' lang='lat' dir='ltr'>con·¹</span> 
     </span>
     <span class='ocr_line' id='line_1_10' title="bbox 286 1157 1345 1210; baseline -0.002 -1"><span class='ocrx_word' id='word_1_70' title='bbox 286 1168 303 1209; x_wconf 75' lang='lat' dir='ltr'>e</span> <span class='ocrx_word' id='word_1_71' title='bbox 369 1157 395 1210; x_wconf 73' lang='lat' dir='ltr'>t·</span> <span class='ocrx_word' id='word_1_72' title='bbox 821 1186 830 1209; x_wconf 78' lang='lat' dir='ltr'>s</span> <span class='ocrx_word' id='word_1_73' title='bbox 1341 1198 1345 1207; x_wconf 82' lang='grc'><em>,</em></span> 
     </span>
     <span class='ocr_line' id='line_1_11' title="bbox 281 1226 1347 1320; baseline 0 -25"><span class='ocrx_word' id='word_1_74' title='bbox 281 1232 335 1295; x_wconf 86' lang='grc'>31.</span> <span class='ocrx_word' id='word_1_75' title='bbox 360 1230 489 1320; x_wconf 75' lang='lat' dir='ltr'>Itaque,</span> <span class='ocrx_word' id='word_1_76' title='bbox 511 1227 857 1317; x_wconf 74' lang='lat' dir='ltr'>rursus‘conjuratione</span> <span class='ocrx_word' id='word_1_77' title='bbox 872 1228 971 1303; x_wconf 80' lang='lat' dir='ltr'>fecta,</span> <span class='ocrx_word' id='word_1_78' title='bbox 986 1226 1158 1316; x_wconf 69' lang='lat' dir='ltr'>paullatim</span> <span class='ocrx_word' id='word_1_79' title='bbox 1171 1252 1215 1295; x_wconf 85' lang='lat' dir='ltr'>ex</span> <span class='ocrx_word' id='word_1_80' title='bbox 1230 1229 1347 1295; x_wconf 75' lang='lat' dir='ltr'>cestrie</span> 
     </span>
     <span class='ocr_line' id='line_1_12' title="bbox 236 1312 1346 1404; baseline -0.002 -21"><span class='ocrx_word' id='word_1_81' title='bbox 236 1316 402 1383; x_wconf 75' lang='lat' dir='ltr'>discedere</span> <span class='ocrx_word' id='word_1_82' title='bbox 431 1340 470 1381; x_wconf 86' lang='lat' dir='ltr'>ao</span> <span class='ocrx_word' id='word_1_83' title='bbox 498 1330 578 1381; x_wconf 86' lang='lat' dir='ltr'>suos&#39;</span> <span class='ocrx_word' id='word_1_84' title='bbox 596 1318 679 1383; x_wconf 81' lang='lat' dir='ltr'>clem</span> <span class='ocrx_word' id='word_1_85' title='bbox 706 1338 747 1381; x_wconf 90' lang='lat' dir='ltr'>ex</span> <span class='ocrx_word' id='word_1_86' title='bbox 772 1314 859 1403; x_wconf 80' lang='lat' dir='ltr'>egris</span> <span class='ocrx_word' id='word_1_87' title='bbox 881 1312 1042 1381; x_wconf 86' lang='lat' dir='ltr'>deducere</span> <span class='ocrx_word' id='word_1_88' title='bbox 1067 1327 1246 1404; x_wconf 85' lang='lat' dir='ltr'>coeperunt.</span> <span class='ocrx_word' id='word_1_89' title='bbox 1294 1317 1346 1381; x_wconf 87' lang='lat' dir='ltr'>At</span> 
     </span>
     <span class='ocr_line' id='line_1_13' title="bbox 238 1402 1346 1489; baseline -0.002 -20"><span class='ocrx_word' id='word_1_90' title='bbox 238 1404 359 1479; x_wconf 71' lang='lat' dir='ltr'>Cesar,</span> <span class='ocrx_word' id='word_1_91' title='bbox 384 1404 443 1469; x_wconf 89' lang='lat' dir='ltr'>etsi</span> <span class='ocrx_word' id='word_1_92' title='bbox 466 1402 608 1469; x_wconf 91' lang='lat' dir='ltr'>nondum</span> <span class='ocrx_word' id='word_1_93' title='bbox 629 1425 742 1468; x_wconf 90' lang='lat' dir='ltr'>eorum</span> <span class='ocrx_word' id='word_1_94' title='bbox 753 1402 884 1467; x_wconf 80' lang='lat' dir='ltr'>consilis</span> <span class='ocrx_word' id='word_1_95' title='bbox 897 1415 1108 1489; x_wconf 71' lang='lat' dir='ltr'>cognoverat,</span> <span class='ocrx_word' id='word_1_96' title='bbox 1131 1416 1237 1469; x_wconf 76' lang='lat' dir='ltr'>temen</span> <span class='ocrx_word' id='word_1_97' title='bbox 1252 1415 1286 1467; x_wconf 88' lang='lat' dir='ltr'>et</span> <span class='ocrx_word' id='word_1_98' title='bbox 1301 1426 1346 1468; x_wconf 84' lang='lat' dir='ltr'>ex</span> 
     </span>
     <span class='ocr_line' id='line_1_14' title="bbox 236 1487 1345 1590; baseline -0.002 -33"><span class='ocrx_word' id='word_1_99' title='bbox 236 1504 357 1557; x_wconf 87' lang='lat' dir='ltr'>eventu</span> <span class='ocrx_word' id='word_1_100' title='bbox 371 1491 501 1555; x_wconf 80' lang='lat' dir='ltr'>navium</span> <span class='ocrx_word' id='word_1_101' title='bbox 514 1513 645 1555; x_wconf 87' lang='lat' dir='ltr'>suarum</span> <span class='ocrx_word' id='word_1_102' title='bbox 659 1503 693 1556; x_wconf 90' lang='lat' dir='ltr'>et</span> <span class='ocrx_word' id='word_1_103' title='bbox 708 1512 749 1555; x_wconf 86' lang='lat' dir='ltr'>ex</span> <span class='ocrx_word' id='word_1_104' title='bbox 760 1511 811 1563; x_wconf 93' lang='lat' dir='ltr'>eo,</span> <span class='ocrx_word' id='word_1_105' title='bbox 827 1487 917 1590; x_wconf 87' lang='lat' dir='ltr'>quod</span> <span class='ocrx_word' id='word_1_106' title='bbox 931 1488 1058 1553; x_wconf 75' lang='lat' dir='ltr'>obsides</span> <span class='ocrx_word' id='word_1_107' title='bbox 1071 1489 1151 1555; x_wconf 86' lang='lat' dir='ltr'>dare</span> <span class='ocrx_word' id='word_1_108' title='bbox 1165 1489 1345 1556; x_wconf 85' lang='lat' dir='ltr'>intermise-</span> 
     </span>
     <span class='ocr_line' id='line_1_15' title="bbox 236 1574 1345 1665; baseline -0.004 -20"><span class='ocrx_word' id='word_1_109' title='bbox 236 1590 323 1655; x_wconf 82' lang='lat' dir='ltr'>rant,</span> <span class='ocrx_word' id='word_1_110' title='bbox 346 1578 416 1643; x_wconf 83' lang='lat' dir='ltr'>fore</span> <span class='ocrx_word' id='word_1_111' title='bbox 437 1576 484 1651; x_wconf 94' lang='lat' dir='ltr'>id,</span> <span class='ocrx_word' id='word_1_112' title='bbox 506 1578 595 1665; x_wconf 81' lang='lat' dir='ltr'>quod</span> <span class='ocrx_word' id='word_1_113' title='bbox 609 1576 739 1651; x_wconf 80' lang='lat' dir='ltr'>accidit,</span> <span class='ocrx_word' id='word_1_114' title='bbox 760 1576 997 1663; x_wconf 82' lang='lat' dir='ltr'>suspicabatur.</span> <span class='ocrx_word' id='word_1_115' title='bbox 1044 1574 1160 1663; x_wconf 79' lang='lat' dir='ltr'>lteqne</span> <span class='ocrx_word' id='word_1_116' title='bbox 1174 1576 1218 1642; x_wconf 79' lang='lat' dir='ltr'>ad</span> <span class='ocrx_word' id='word_1_117' title='bbox 1232 1599 1345 1642; x_wconf 89' lang='lat' dir='ltr'>omnes</span> 
     </span>
     <span class='ocr_line' id='line_1_16' title="bbox 236 1662 1345 1753; baseline -0.002 -22"><span class='ocrx_word' id='word_1_118' title='bbox 236 1688 326 1731; x_wconf 84' lang='lat' dir='ltr'>ossus</span> <span class='ocrx_word' id='word_1_119' title='bbox 340 1662 481 1731; x_wconf 77' lang='lat' dir='ltr'>subsidia</span> <span class='ocrx_word' id='word_1_120' title='bbox 495 1665 721 1753; x_wconf 60' lang='lat' dir='ltr'>comparabam</span> <span class='ocrx_word' id='word_1_121' title='bbox 744 1684 818 1727; x_wconf 87' lang='lat' dir='ltr'>narn</span> <span class='ocrx_word' id='word_1_122' title='bbox 833 1676 868 1727; x_wconf 90' lang='lat' dir='ltr'>et</span> <span class='ocrx_word' id='word_1_123' title='bbox 881 1663 1082 1727; x_wconf 81' lang='lat' dir='ltr'>frumentum</span> <span class='ocrx_word' id='word_1_124' title='bbox 1103 1687 1144 1727; x_wconf 90' lang='lat' dir='ltr'>ex</span> <span class='ocrx_word' id='word_1_125' title='bbox 1158 1663 1245 1752; x_wconf 83' lang='lat' dir='ltr'>agris</span> <span class='ocrx_word' id='word_1_126' title='bbox 1259 1686 1345 1750; x_wconf 92' lang='lat' dir='ltr'>quo·</span> 
     </span>
     <span class='ocr_line' id='line_1_17' title="bbox 233 1749 1345 1838; baseline -0.004 -19"><span class='ocrx_word' id='word_1_127' title='bbox 233 1750 315 1819; x_wconf 83' lang='lat' dir='ltr'>tidie</span> <span class='ocrx_word' id='word_1_128' title='bbox 336 1752 369 1817; x_wconf 93' lang='lat' dir='ltr'>in</span> <span class='ocrx_word' id='word_1_129' title='bbox 391 1764 498 1817; x_wconf 81' lang='lat' dir='ltr'>eastra</span> <span class='ocrx_word' id='word_1_130' title='bbox 519 1750 708 1817; x_wconf 86' lang='lat' dir='ltr'>conferebat</span> <span class='ocrx_word' id='word_1_131' title='bbox 724 1762 770 1826; x_wconf 91' lang='lat' dir='ltr'>et,</span> <span class='ocrx_word' id='word_1_132' title='bbox 793 1773 867 1838; x_wconf 81' lang='lat' dir='ltr'>qnae</span> <span class='ocrx_word' id='word_1_133' title='bbox 928 1749 1074 1815; x_wconf 85' lang='lat' dir='ltr'>avissirne</span> <span class='ocrx_word' id='word_1_134' title='bbox 1094 1749 1232 1817; x_wconf 83' lang='lat' dir='ltr'>adflictoe</span> <span class='ocrx_word' id='word_1_135' title='bbox 1246 1762 1345 1816; x_wconf 77' lang='lat' dir='ltr'>erent</span> 
     </span>
     <span class='ocr_line' id='line_1_18' title="bbox 235 1772 1347 1925; baseline -0.004 -18"><span class='ocrx_word' id='word_1_136' title='bbox 235 1846 345 1915; x_wconf 72' lang='lat' dir='ltr'>neves,</span> <span class='ocrx_word' id='word_1_137' title='bbox 367 1860 479 1905; x_wconf 89' lang='lat' dir='ltr'>earum</span> <span class='ocrx_word' id='word_1_138' title='bbox 500 1838 636 1903; x_wconf 87' lang='lat' dir='ltr'>materia</span> <span class='ocrx_word' id='word_1_139' title='bbox 651 1849 752 1925; x_wconf 84' lang='lat' dir='ltr'>etque</span> <span class='ocrx_word' id='word_1_140' title='bbox 772 1860 836 1903; x_wconf 81' lang='lat' dir='ltr'>rere</span> <span class='ocrx_word' id='word_1_141' title='bbox 856 1772 1056 1923; x_wconf 61' lang='lat' dir='ltr'>adieliqucs</span> <span class='ocrx_word' id='word_1_142' title='bbox 1072 1835 1259 1903; x_wconf 87' lang='lat' dir='ltr'>reficiendas</span> <span class='ocrx_word' id='word_1_143' title='bbox 1272 1851 1347 1903; x_wconf 90' lang='lat' dir='ltr'>ute-</span> 
     </span>
     <span class='ocr_line' id='line_1_19' title="bbox 235 1922 1345 2004; baseline -0.003 -12"><span class='ocrx_word' id='word_1_144' title='bbox 235 1926 335 1993; x_wconf 85' lang='lat' dir='ltr'>bstur</span> <span class='ocrx_word' id='word_1_145' title='bbox 350 1938 396 2004; x_wconf 89' lang='lat' dir='ltr'>et,</span> <span class='ocrx_word' id='word_1_146' title='bbox 436 1949 485 1991; x_wconf 80' lang='lat' dir='ltr'>uae</span> <span class='ocrx_word' id='word_1_147' title='bbox 498 1924 540 1990; x_wconf 91' lang='lat' dir='ltr'>ad</span> <span class='ocrx_word' id='word_1_148' title='bbox 556 1949 608 1990; x_wconf 83' lang='lat' dir='ltr'>ees</span> <span class='ocrx_word' id='word_1_149' title='bbox 623 1948 673 1990; x_wconf 91' lang='lat' dir='ltr'>res</span> <span class='ocrx_word' id='word_1_150' title='bbox 689 1936 784 1991; x_wconf 89' lang='lat' dir='ltr'>erant</span> <span class='ocrx_word' id='word_1_151' title='bbox 797 1922 881 1999; x_wconf 89' lang='lat' dir='ltr'>usui,</span> <span class='ocrx_word' id='word_1_152' title='bbox 897 1946 938 1989; x_wconf 88' lang='lat' dir='ltr'>err</span> <span class='ocrx_word' id='word_1_153' title='bbox 952 1922 1130 1990; x_wconf 91' lang='lat' dir='ltr'>continenti</span> <span class='ocrx_word' id='word_1_154' title='bbox 1144 1947 1216 1989; x_wconf 90' lang='lat' dir='ltr'>com</span> <span class='ocrx_word' id='word_1_155' title='bbox 1260 1924 1345 1989; x_wconf 79' lang='lat' dir='ltr'>rtari</span> 
     </span>
     <span class='ocr_line' id='line_1_20' title="bbox 231 1948 1345 2163; baseline -0.002 -84"><span class='ocrx_word' id='word_1_156' title='bbox 231 2012 381 2102; x_wconf 74' lang='lat' dir='ltr'>jubebat.</span> <span class='ocrx_word' id='word_1_157' title='bbox 411 1950 557 2163; x_wconf 64' lang='lat' dir='ltr'>qlutoque,</span> <span class='ocrx_word' id='word_1_158' title='bbox 570 2034 672 2100; x_wconf 90' lang='lat' dir='ltr'>quum</span> <span class='ocrx_word' id='word_1_159' title='bbox 687 2010 722 2077; x_wconf 93' lang='lat' dir='ltr'>id</span> <span class='ocrx_word' id='word_1_160' title='bbox 733 2034 857 2077; x_wconf 84' lang='lat' dir='ltr'>summo</span> <span class='ocrx_word' id='word_1_161' title='bbox 872 2009 980 2076; x_wconf 88' lang='lat' dir='ltr'>studio</span> <span class='ocrx_word' id='word_1_162' title='bbox 991 2034 1012 2074; x_wconf 91' lang='lat' dir='ltr'>a</span> <span class='ocrx_word' id='word_1_163' title='bbox 1022 2010 1178 2077; x_wconf 85' lang='lat' dir='ltr'>militibus</span> <span class='ocrx_word' id='word_1_164' title='bbox 1193 1948 1345 2077; x_wconf 74' lang='lat' dir='ltr'>adririnis·</span> 
     </span>
     <span class='ocr_line' id='line_1_21' title="bbox 235 2096 1344 2187; baseline -0.001 -23"><span class='ocrx_word' id='word_1_165' title='bbox 235 2113 392 2176; x_wconf 77' lang='lat' dir='ltr'>trenetur,</span> <span class='ocrx_word' id='word_1_166' title='bbox 423 2098 469 2163; x_wconf 92' lang='lat' dir='ltr'>du</span> <span class='ocrx_word' id='word_1_167' title='bbox 514 2099 595 2162; x_wconf 88' lang='lat' dir='ltr'>ecim</span> <span class='ocrx_word' id='word_1_168' title='bbox 625 2098 762 2164; x_wconf 83' lang='lat' dir='ltr'>navibus</span> <span class='ocrx_word' id='word_1_169' title='bbox 790 2097 920 2173; x_wconf 74' lang='lat' dir='ltr'>anissis,</span> <span class='ocrx_word' id='word_1_170' title='bbox 959 2096 1092 2185; x_wconf 87' lang='lat' dir='ltr'>reliquis</span> <span class='ocrx_word' id='word_1_171' title='bbox 1128 2112 1167 2165; x_wconf 87' lang='lat' dir='ltr'>ut</span> <span class='ocrx_word' id='word_1_172' title='bbox 1195 2098 1344 2187; x_wconf 77' lang='lat' dir='ltr'>navigari</span> 
     </span>
     <span class='ocr_line' id='line_1_22' title="bbox 236 2184 669 2274; baseline -0.014 -23"><span class='ocrx_word' id='word_1_173' title='bbox 236 2186 401 2251; x_wconf 84' lang='lat' dir='ltr'>commode</span> <span class='ocrx_word' id='word_1_174' title='bbox 417 2196 536 2274; x_wconf 80' lang='lat' dir='ltr'>posset,</span> <span class='ocrx_word' id='word_1_175' title='bbox 552 2184 669 2249; x_wconf 84' lang='lat' dir='ltr'>effecit.</span> 
     </span>
    </p>

    <p class='ocr_par' dir='ltr' id='par_1_4' title="bbox 143 2268 1344 3499">
     <span class='ocr_line' id='line_1_23' title="bbox 143 2268 1344 2357; baseline -0.002 -20"><span class='ocrx_word' id='word_1_176' title='bbox 143 2282 145 2287; x_wconf 82' lang='grc'>’</span> <span class='ocrx_word' id='word_1_177' title='bbox 280 2271 337 2337; x_wconf 77' lang='lat'><strong>32.-</strong></span> <span class='ocrx_word' id='word_1_178' title='bbox 360 2272 450 2337; x_wconf 92' lang='lat' dir='ltr'>Dum</span> <span class='ocrx_word' id='word_1_179' title='bbox 472 2294 511 2334; x_wconf 87' lang='lat' dir='ltr'>ea</span> <span class='ocrx_word' id='word_1_180' title='bbox 534 2281 706 2357; x_wconf 83' lang='lat' dir='ltr'>geruntur,</span> <span class='ocrx_word' id='word_1_181' title='bbox 734 2269 746 2333; x_wconf 99' lang='lat' dir='ltr'>l</span> <span class='ocrx_word' id='word_1_182' title='bbox 788 2268 861 2334; x_wconf 83' lang='lat' dir='ltr'>&#39;one</span> <span class='ocrx_word' id='word_1_183' title='bbox 885 2293 926 2333; x_wconf 84' lang='lat' dir='ltr'>ex</span> <span class='ocrx_word' id='word_1_184' title='bbox 941 2270 1172 2335; x_wconf 82' lang='lat' dir='ltr'>consuetudine</span> <span class='ocrx_word' id='word_1_185' title='bbox 1194 2290 1260 2334; x_wconf 83' lang='lat' dir='ltr'>una</span> <span class='ocrx_word' id='word_1_186' title='bbox 1274 2269 1344 2335; x_wconf 86' lang='lat' dir='ltr'>fru-</span> 
     </span>
     <span class='ocr_line' id='line_1_24' title="bbox 237 2354 1343 2455; baseline -0.002 -31"><span class='ocrx_word' id='word_1_187' title='bbox 237 2370 414 2425; x_wconf 85' lang='lat' dir='ltr'>mentatum</span> <span class='ocrx_word' id='word_1_188' title='bbox 429 2356 533 2430; x_wconf 88' lang='lat' dir='ltr'>missa,</span> <span class='ocrx_word' id='word_1_189' title='bbox 549 2379 623 2455; x_wconf 84' lang='lat' dir='ltr'>quse</span> <span class='ocrx_word' id='word_1_190' title='bbox 637 2354 769 2444; x_wconf 78' lang='lat' dir='ltr'>adpelle</span> <span class='ocrx_word' id='word_1_191' title='bbox 811 2368 867 2419; x_wconf 92' lang='lat' dir='ltr'>tur</span> <span class='ocrx_word' id='word_1_192' title='bbox 880 2357 1031 2443; x_wconf 87' lang='lat' dir='ltr'>septima,</span> <span class='ocrx_word' id='word_1_193' title='bbox 1045 2380 1152 2444; x_wconf 91' lang='lat' dir='ltr'>neque</span> <span class='ocrx_word' id='word_1_194' title='bbox 1166 2356 1235 2421; x_wconf 85' lang='lat' dir='ltr'>ulla</span> <span class='ocrx_word' id='word_1_195' title='bbox 1249 2356 1343 2422; x_wconf 89' lang='lat' dir='ltr'>adid</span> 
     </span>
     <span class='ocr_line' id='line_1_25' title="bbox 237 2442 1344 2547; baseline -0.003 -36"><span class='ocrx_word' id='word_1_196' title='bbox 237 2458 366 2547; x_wconf 84' lang='lat' dir='ltr'>tempus</span> <span class='ocrx_word' id='word_1_197' title='bbox 387 2443 465 2509; x_wconf 90' lang='lat' dir='ltr'>belli</span> <span class='ocrx_word' id='word_1_198' title='bbox 479 2442 658 2530; x_wconf 81' lang='lat' dir='ltr'>suspicione</span> <span class='ocrx_word' id='word_1_199' title='bbox 673 2442 875 2528; x_wconf 84' lang='lat' dir='ltr'>interposita,</span> <span class='ocrx_word' id='word_1_200' title='bbox 901 2466 1005 2529; x_wconf 92' lang='lat' dir='ltr'>quum</span> <span class='ocrx_word' id='word_1_201' title='bbox 1028 2466 1101 2531; x_wconf 85' lang='lat' dir='ltr'>pars</span> <span class='ocrx_word' id='word_1_202' title='bbox 1123 2442 1288 2509; x_wconf 90' lang='lat' dir='ltr'>hominum</span> <span class='ocrx_word' id='word_1_203' title='bbox 1301 2444 1344 2513; x_wconf 64' lang='lat' dir='ltr'>,in</span> 
     </span>
     <span class='ocr_line' id='line_1_26' title="bbox 236 2528 1342 2629; baseline 0 -34"><span class='ocrx_word' id='word_1_204' title='bbox 236 2548 324 2621; x_wconf 83' lang='lat' dir='ltr'>ngrrs</span> <span class='ocrx_word' id='word_1_205' title='bbox 339 2541 530 2604; x_wconf 83' lang='lat' dir='ltr'>remaneret,</span> <span class='ocrx_word' id='word_1_206' title='bbox 555 2551 630 2629; x_wconf 81' lang='lat' dir='ltr'>pers</span> <span class='ocrx_word' id='word_1_207' title='bbox 648 2528 746 2594; x_wconf 88' lang='lat' dir='ltr'>etiam</span> <span class='ocrx_word' id='word_1_208' title='bbox 769 2528 802 2593; x_wconf 93' lang='lat' dir='ltr'>in</span> <span class='ocrx_word' id='word_1_209' title='bbox 817 2541 925 2594; x_wconf 80' lang='lat' dir='ltr'>castre</span> <span class='ocrx_word' id='word_1_210' title='bbox 941 2530 1128 2605; x_wconf 83' lang='lat' dir='ltr'>ventitaret,</span> <span class='ocrx_word' id='word_1_211' title='bbox 1151 2529 1186 2605; x_wconf 91' lang='lat' dir='ltr'>ii,</span> <span class='ocrx_word' id='word_1_212' title='bbox 1206 2530 1264 2617; x_wconf 90' lang='lat' dir='ltr'>qui</span> <span class='ocrx_word' id='word_1_213' title='bbox 1280 2552 1342 2619; x_wconf 87' lang='lat' dir='ltr'>pro</span> 
     </span>
     <span class='ocr_line' id='line_1_27' title="bbox 236 2615 1343 2709; baseline -0.002 -25"><span class='ocrx_word' id='word_1_214' title='bbox 236 2620 340 2709; x_wconf 88' lang='lat' dir='ltr'>portis</span> <span class='ocrx_word' id='word_1_215' title='bbox 355 2630 535 2683; x_wconf 84' lang='lat' dir='ltr'>castrorum</span> <span class='ocrx_word' id='word_1_216' title='bbox 554 2639 588 2681; x_wconf 89' lang='lat' dir='ltr'>m</span> <span class='ocrx_word' id='word_1_217' title='bbox 602 2616 740 2681; x_wconf 76' lang='lat' dir='ltr'>statione</span> <span class='ocrx_word' id='word_1_218' title='bbox 753 2628 858 2691; x_wconf 84' lang='lat' dir='ltr'>erant,</span> <span class='ocrx_word' id='word_1_219' title='bbox 876 2615 996 2681; x_wconf 72' lang='lat' dir='ltr'>Cesari</span> <span class='ocrx_word' id='word_1_220' title='bbox 1008 2616 1251 2691; x_wconf 74' lang='lat' dir='ltr'>renunciatum,</span> <span class='ocrx_word' id='word_1_221' title='bbox 1294 2618 1343 2682; x_wconf 89' lang='lat' dir='ltr'>ul·</span> 
     </span>
     <span class='ocr_line' id='line_1_28' title="bbox 237 2640 1341 2855; baseline -0.003 -83"><span class='ocrx_word' id='word_1_222' title='bbox 237 2729 345 2772; x_wconf 69' lang='lat' dir='ltr'>verens</span> <span class='ocrx_word' id='word_1_223' title='bbox 360 2705 526 2793; x_wconf 86' lang='lat' dir='ltr'>majorem,</span> <span class='ocrx_word' id='word_1_224' title='bbox 546 2726 643 2855; x_wconf 82' lang='lat' dir='ltr'>quarn</span> <span class='ocrx_word' id='word_1_225' title='bbox 664 2702 863 2767; x_wconf 86' lang='lat' dir='ltr'>consuetudo</span> <span class='ocrx_word' id='word_1_226' title='bbox 877 2703 991 2778; x_wconf 82' lang='lat' dir='ltr'>ferret,</span> <span class='ocrx_word' id='word_1_227' title='bbox 1013 2703 1046 2769; x_wconf 92' lang='lat' dir='ltr'>in</span> <span class='ocrx_word' id='word_1_228' title='bbox 1061 2728 1099 2768; x_wconf 89' lang='lat' dir='ltr'>ea</span> <span class='ocrx_word' id='word_1_229' title='bbox 1115 2715 1208 2792; x_wconf 89' lang='lat' dir='ltr'>parte</span> <span class='ocrx_word' id='word_1_230' title='bbox 1223 2640 1341 2779; x_wconf 61' lang='lat' dir='ltr'>vidiri,</span> 
     </span>
     <span class='ocr_line' id='line_1_29' title="bbox 235 2788 1340 2881; baseline -0.002 -24"><span class='ocrx_word' id='word_1_231' title='bbox 235 2816 334 2881; x_wconf 83' lang='lat' dir='ltr'>quem</span> <span class='ocrx_word' id='word_1_232' title='bbox 360 2792 393 2856; x_wconf 93' lang='lat' dir='ltr'>in</span> <span class='ocrx_word' id='word_1_233' title='bbox 414 2802 541 2880; x_wconf 89' lang='lat' dir='ltr'>partem</span> <span class='ocrx_word' id='word_1_234' title='bbox 577 2792 648 2879; x_wconf 83' lang='lat' dir='ltr'>egio</span> <span class='ocrx_word' id='word_1_235' title='bbox 672 2790 737 2855; x_wconf 84' lang='lat' dir='ltr'>iter</span> <span class='ocrx_word' id='word_1_236' title='bbox 757 2788 895 2854; x_wconf 83' lang='lat' dir='ltr'>fecisset.</span> <span class='ocrx_word' id='word_1_237' title='bbox 941 2790 1049 2855; x_wconf 77' lang='lat' dir='ltr'>Crassi·</span> <span class='ocrx_word' id='word_1_238' title='bbox 1075 2790 1121 2864; x_wconf 89' lang='lat' dir='ltr'>id,</span> <span class='ocrx_word' id='word_1_239' title='bbox 1143 2789 1232 2878; x_wconf 92' lang='lat' dir='ltr'>quod</span> <span class='ocrx_word' id='word_1_240' title='bbox 1254 2804 1340 2866; x_wconf 86' lang='lat' dir='ltr'>erat,</span> 
     </span>
     <span class='ocr_line' id='line_1_30' title="bbox 234 2875 1341 2967; baseline -0.001 -23"><span class='ocrx_word' id='word_1_241' title='bbox 234 2880 425 2967; x_wconf 76' lang='lat' dir='ltr'>suspicatus,</span> <span class='ocrx_word' id='word_1_242' title='bbox 446 2876 489 2943; x_wconf 82' lang='lat' dir='ltr'>ali</span> <span class='ocrx_word' id='word_1_243' title='bbox 515 2876 571 2941; x_wconf 92' lang='lat' dir='ltr'>uid</span> <span class='ocrx_word' id='word_1_244' title='bbox 593 2876 668 2942; x_wconf 89' lang='lat' dir='ltr'>novi</span> <span class='ocrx_word' id='word_1_245' title='bbox 686 2901 707 2941; x_wconf 88' lang='lat' dir='ltr'>a</span> <span class='ocrx_word' id='word_1_246' title='bbox 729 2876 877 2943; x_wconf 81' lang='lat' dir='ltr'>barbaris</span> <span class='ocrx_word' id='word_1_247' title='bbox 894 2875 1010 2941; x_wconf 81' lang='lat' dir='ltr'>initum</span> <span class='ocrx_word' id='word_1_248' title='bbox 1022 2876 1156 2951; x_wconf 84' lang='lat' dir='ltr'>consilii,</span> <span class='ocrx_word' id='word_1_249' title='bbox 1179 2876 1341 2953; x_wconf 78' lang='lat' dir='ltr'>cohortes,</span> 
     </span>
     <span class='ocr_line' id='line_1_31' title="bbox 234 2902 1342 3054; baseline -0.002 -24"><span class='ocrx_word' id='word_1_250' title='bbox 234 2990 308 3054; x_wconf 81' lang='lat' dir='ltr'>quse</span> <span class='ocrx_word' id='word_1_251' title='bbox 323 2966 356 3029; x_wconf 94' lang='lat' dir='ltr'>in</span> <span class='ocrx_word' id='word_1_252' title='bbox 366 2902 557 3029; x_wconf 80' lang='lat' dir='ltr'>stationilms</span> <span class='ocrx_word' id='word_1_253' title='bbox 567 2975 673 3039; x_wconf 87' lang='lat' dir='ltr'>erant,</span> <span class='ocrx_word' id='word_1_254' title='bbox 688 2986 797 3029; x_wconf 90' lang='lat' dir='ltr'>secum</span> <span class='ocrx_word' id='word_1_255' title='bbox 810 2964 842 3027; x_wconf 89' lang='lat' dir='ltr'>in</span> <span class='ocrx_word' id='word_1_256' title='bbox 855 2986 924 3027; x_wconf 88' lang='lat' dir='ltr'>earn</span> <span class='ocrx_word' id='word_1_257' title='bbox 980 2976 1064 3028; x_wconf 87' lang='lat' dir='ltr'>rtem</span> <span class='ocrx_word' id='word_1_258' title='bbox 1078 2964 1247 3051; x_wconf 88' lang='lat' dir='ltr'>proficisci,</span> <span class='ocrx_word' id='word_1_259' title='bbox 1259 2963 1342 3029; x_wconf 80' lang='lat' dir='ltr'>dues</span> 
     </span>
     <span class='ocr_line' id='line_1_32' title="bbox 234 3048 1340 3140; baseline -0.002 -21"><span class='ocrx_word' id='word_1_260' title='bbox 234 3076 276 3119; x_wconf 84' lang='lat' dir='ltr'>ex</span> <span class='ocrx_word' id='word_1_261' title='bbox 290 3052 423 3140; x_wconf 76' lang='lat' dir='ltr'>reliquie</span> <span class='ocrx_word' id='word_1_262' title='bbox 450 3050 482 3116; x_wconf 90' lang='lat' dir='ltr'>in</span> <span class='ocrx_word' id='word_1_263' title='bbox 502 3052 674 3116; x_wconf 85' lang='lat' dir='ltr'>stationem</span> <span class='ocrx_word' id='word_1_264' title='bbox 691 3048 875 3125; x_wconf 88' lang='lat' dir='ltr'>succedere,</span> <span class='ocrx_word' id='word_1_265' title='bbox 900 3051 958 3114; x_wconf 87' lang='lat' dir='ltr'>re&#39;</span> <span class='ocrx_word' id='word_1_266' title='bbox 985 3073 1041 3115; x_wconf 90' lang='lat' dir='ltr'>uas</span> <span class='ocrx_word' id='word_1_267' title='bbox 1066 3052 1185 3115; x_wconf 78' lang='lat' dir='ltr'>arnuri</span> <span class='ocrx_word' id='word_1_268' title='bbox 1207 3061 1242 3115; x_wconf 83' lang='lat' dir='ltr'>et</span> <span class='ocrx_word' id='word_1_269' title='bbox 1264 3073 1340 3117; x_wconf 87' lang='lat' dir='ltr'>oon·</span> 
     </span>
     <span class='ocr_line' id='line_1_33' title="bbox 195 3137 1340 3227; baseline -0.002 -22"><span class='ocrx_word' id='word_1_270' title='bbox 195 3148 205 3159; x_wconf 86' lang='grc'><em>“</em></span> <span class='ocrx_word' id='word_1_271' title='bbox 235 3138 343 3207; x_wconf 75' lang='lat' dir='ltr'>testim</span> <span class='ocrx_word' id='word_1_272' title='bbox 362 3162 429 3205; x_wconf 88' lang='lat' dir='ltr'>sese</span> <span class='ocrx_word' id='word_1_273' title='bbox 449 3138 601 3227; x_wconf 82' lang='lat' dir='ltr'>subsequi</span> <span class='ocrx_word' id='word_1_274' title='bbox 623 3137 723 3219; x_wconf 80' lang='lat' dir='ltr'>iussit.</span> <span class='ocrx_word' id='word_1_275' title='bbox 771 3137 882 3212; x_wconf 83' lang='lat' dir='ltr'>Quum</span> <span class='ocrx_word' id='word_1_276' title='bbox 904 3159 946 3225; x_wconf 85' lang='lat' dir='ltr'>pc</span> <span class='ocrx_word' id='word_1_277' title='bbox 983 3138 1015 3202; x_wconf 93' lang='lat' dir='ltr'>lo</span> <span class='ocrx_word' id='word_1_278' title='bbox 1036 3137 1163 3225; x_wconf 82' lang='lat' dir='ltr'>longius</span> <span class='ocrx_word' id='word_1_279' title='bbox 1184 3160 1204 3201; x_wconf 87' lang='lat' dir='ltr'>a</span> <span class='ocrx_word' id='word_1_280' title='bbox 1224 3140 1340 3203; x_wconf 77' lang='lat' dir='ltr'>cestris</span> 
     </span>
     <span class='ocr_line' id='line_1_34' title="bbox 235 3208 1340 3317; baseline -0.002 -24"><span class='ocrx_word' id='word_1_281' title='bbox 235 3226 449 3317; x_wconf 84' lang='lat' dir='ltr'>processisset,</span> <span class='ocrx_word' id='word_1_282' title='bbox 469 3248 543 3291; x_wconf 91' lang='lat' dir='ltr'>suos</span> <span class='ocrx_word' id='word_1_283' title='bbox 564 3226 606 3291; x_wconf 83' lang='lat' dir='ltr'>ab</span> <span class='ocrx_word' id='word_1_284' title='bbox 619 3208 766 3291; x_wconf 88' lang='lat' dir='ltr'>lrostibus</span> <span class='ocrx_word' id='word_1_285' title='bbox 787 3224 889 3312; x_wconf 91' lang='lat' dir='ltr'>premi</span> <span class='ocrx_word' id='word_1_286' title='bbox 910 3234 1011 3311; x_wconf 88' lang='lat' dir='ltr'>atque</span> <span class='ocrx_word' id='word_1_287' title='bbox 1031 3247 1118 3312; x_wconf 71' lang='lat' dir='ltr'>segre</span> <span class='ocrx_word' id='word_1_288' title='bbox 1131 3222 1290 3289; x_wconf 88' lang='lat' dir='ltr'>sustinere</span> <span class='ocrx_word' id='word_1_289' title='bbox 1304 3238 1340 3291; x_wconf 86' lang='lat' dir='ltr'>et</span> 
     </span>
     <span class='ocr_line' id='line_1_35' title="bbox 236 3310 1340 3414; baseline -0.002 -35"><span class='ocrx_word' id='word_1_290' title='bbox 236 3315 383 3379; x_wconf 76' lang='lat' dir='ltr'>conferte</span> <span class='ocrx_word' id='word_1_291' title='bbox 408 3314 439 3378; x_wconf 91' lang='lat' dir='ltr'>le</span> <span class='ocrx_word' id='word_1_292' title='bbox 465 3313 535 3379; x_wconf 91' lang='lat' dir='ltr'>ione</span> <span class='ocrx_word' id='word_1_293' title='bbox 558 3336 599 3378; x_wconf 84' lang='lat' dir='ltr'>ex</span> <span class='ocrx_word' id='word_1_294' title='bbox 619 3311 765 3378; x_wconf 89' lang='lat' dir='ltr'>omnibus</span> <span class='ocrx_word' id='word_1_295' title='bbox 791 3311 941 3414; x_wconf 85' lang='lat' dir='ltr'>partibus</span> <span class='ocrx_word' id='word_1_296' title='bbox 962 3311 1028 3375; x_wconf 85' lang='lat' dir='ltr'>teln</span> <span class='ocrx_word' id='word_1_297' title='bbox 1048 3310 1175 3398; x_wconf 88' lang='lat' dir='ltr'>conjici,</span> <span class='ocrx_word' id='word_1_298' title='bbox 1197 3311 1340 3377; x_wconf 90' lang='lat' dir='ltr'>animum</span> 
     </span>
     <span class='ocr_line' id='line_1_36' title="bbox 235 3397 1339 3499; baseline -0.004 -32"><span class='ocrx_word' id='word_1_299' title='bbox 235 3398 389 3467; x_wconf 75' lang='lat' dir='ltr'>advertit.</span> <span class='ocrx_word' id='word_1_300' title='bbox 486 3424 540 3466; x_wconf 84' lang='lat' dir='ltr'>cm</span> <span class='ocrx_word' id='word_1_301' title='bbox 582 3398 684 3487; x_wconf 91' lang='lat' dir='ltr'>quod,</span> <span class='ocrx_word' id='word_1_302' title='bbox 725 3421 810 3463; x_wconf 91' lang='lat' dir='ltr'>omm</span> <span class='ocrx_word' id='word_1_303' title='bbox 845 3421 888 3463; x_wconf 88' lang='lat' dir='ltr'>err</span> <span class='ocrx_word' id='word_1_304' title='bbox 930 3397 1063 3499; x_wconf 76' lang='lat' dir='ltr'>reliquis</span> <span class='ocrx_word' id='word_1_305' title='bbox 1101 3398 1251 3498; x_wconf 76' lang='lat' dir='ltr'>pertibus</span> <span class='ocrx_word' id='word_1_306' title='bbox 1283 3398 1339 3463; x_wconf 87' lang='lat' dir='ltr'>de·</span> 
     </span>
    </p>
   </div>
   <div class='ocr_carea' id='block_1_4' title="bbox 121 3482 1340 3574">
    <p class='ocr_par' dir='ltr' id='par_1_5' title="bbox 121 3482 1340 3574">
     <span class='ocr_line' id='line_1_37' title="bbox 121 3482 1340 3574; baseline 0.001 -25"><span class='ocrx_word' id='word_1_307' title='bbox 121 3534 128 3549; x_wconf 86' lang='lat'><strong>.</strong></span> <span class='ocrx_word' id='word_1_308' title='bbox 236 3510 336 3553; x_wconf 80' lang='lat' dir='ltr'>merso</span> <span class='ocrx_word' id='word_1_309' title='bbox 357 3487 533 3561; x_wconf 81' lang='lat' dir='ltr'>frumento,</span> <span class='ocrx_word' id='word_1_310' title='bbox 557 3508 632 3574; x_wconf 83' lang='lat' dir='ltr'>pars</span> <span class='ocrx_word' id='word_1_311' title='bbox 646 3508 710 3549; x_wconf 86' lang='lat' dir='ltr'>una</span> <span class='ocrx_word' id='word_1_312' title='bbox 725 3498 798 3549; x_wconf 88' lang='lat' dir='ltr'>erat</span> <span class='ocrx_word' id='word_1_313' title='bbox 812 3485 950 3573; x_wconf 69' lang='lat' dir='ltr'>relique,</span> <span class='ocrx_word' id='word_1_314' title='bbox 965 3496 1118 3572; x_wconf 78' lang='lat' dir='ltr'>suspicetr</span> <span class='ocrx_word' id='word_1_315' title='bbox 1132 3482 1250 3560; x_wconf 85' lang='lat' dir='ltr'>hostes,</span> <span class='ocrx_word' id='word_1_316' title='bbox 1275 3485 1340 3550; x_wconf 89' lang='lat' dir='ltr'>huc</span> 
     </span>
    </p>
   </div>
   <div class='ocr_carea' id='block_1_5' title="bbox 133 3570 1382 3752">
    <p class='ocr_par' dir='ltr' id='par_1_6' title="bbox 133 3570 1382 3752">
     <span class='ocr_line' id='line_1_38' title="bbox 233 3570 1340 3660; baseline -0.002 -21"><span class='ocrx_word' id='word_1_317' title='bbox 233 3588 359 3641; x_wconf 87' lang='lat' dir='ltr'>nostros</span> <span class='ocrx_word' id='word_1_318' title='bbox 375 3598 440 3639; x_wconf 89' lang='lat' dir='ltr'>esse</span> <span class='ocrx_word' id='word_1_319' title='bbox 457 3586 621 3649; x_wconf 88' lang='lat' dir='ltr'>venturos,</span> <span class='ocrx_word' id='word_1_320' title='bbox 634 3584 733 3637; x_wconf 93' lang='lat' dir='ltr'>noctu</span> <span class='ocrx_word' id='word_1_321' title='bbox 747 3571 781 3637; x_wconf 89' lang='lat' dir='ltr'>in</span> <span class='ocrx_word' id='word_1_322' title='bbox 794 3571 882 3637; x_wconf 89' lang='lat' dir='ltr'>silvis</span> <span class='ocrx_word' id='word_1_323' title='bbox 895 3572 1106 3637; x_wconf 82' lang='lat' dir='ltr'>delituerant:</span> <span class='ocrx_word' id='word_1_324' title='bbox 1130 3581 1202 3636; x_wconf 88' lang='lat' dir='ltr'>turn</span> <span class='ocrx_word' id='word_1_325' title='bbox 1216 3570 1340 3660; x_wconf 86' lang='lat' dir='ltr'>disper-</span> 
     </span>
     <span class='ocr_line' id='line_1_39' title="bbox 133 3657 1382 3752; baseline -0.003 -23"><span class='ocrx_word' id='word_1_326' title='bbox 133 3736 136 3746; x_wconf 21' lang='lat'><em>*</em></span> <span class='ocrx_word' id='word_1_327' title='bbox 233 3684 296 3740; x_wconf 86' lang='lat' dir='ltr'>ros,</span> <span class='ocrx_word' id='word_1_328' title='bbox 326 3658 481 3752; x_wconf 83' lang='lat' dir='ltr'>depositis</span> <span class='ocrx_word' id='word_1_329' title='bbox 504 3659 612 3737; x_wconf 82' lang='lat' dir='ltr'>ermis,</span> <span class='ocrx_word' id='word_1_330' title='bbox 638 3658 671 3723; x_wconf 93' lang='lat' dir='ltr'>in</span> <span class='ocrx_word' id='word_1_331' title='bbox 696 3658 848 3725; x_wconf 87' lang='lat' dir='ltr'>metendo</span> <span class='ocrx_word' id='word_1_332' title='bbox 877 3671 1063 3746; x_wconf 81' lang='lat' dir='ltr'>occupatos,</span> <span class='ocrx_word' id='word_1_333' title='bbox 1087 3657 1198 3724; x_wconf 87' lang='lat' dir='ltr'>subito</span> <span class='ocrx_word' id='word_1_334' title='bbox 1217 3658 1340 3736; x_wconf 89' lang='lat' dir='ltr'>adorti,</span> <span class='ocrx_word' id='word_1_335' title='bbox 1378 3661 1382 3668; x_wconf 86' lang='lat'>&#39;</span> 
     </span>
    </p>
   </div>
   <div class='ocr_carea' id='block_1_6' title="bbox 162 3846 1341 4437">
    <p class='ocr_par' dir='ltr' id='par_1_7' title="bbox 272 3846 1339 4045">
     <span class='ocr_line' id='line_1_40' title="bbox 273 3846 1339 3917; baseline -0.005 -16"><span class='ocrx_word' id='word_1_336' title='bbox 273 3850 647 3917; x_wconf 72' lang='lat' dir='ltr'>Optiremsurtu.sl.frrctrrm.</span> <span class='ocrx_word' id='word_1_337' title='bbox 808 3846 933 3911; x_wconf 75' lang='lat' dir='ltr'>jusserunt</span> <span class='ocrx_word' id='word_1_338' title='bbox 947 3864 1006 3897; x_wconf 84' lang='lat' dir='ltr'>auor</span> <span class='ocrx_word' id='word_1_339' title='bbox 1023 3847 1049 3898; x_wconf 90' lang='lat' dir='ltr'>in</span> <span class='ocrx_word' id='word_1_340' title='bbox 1063 3864 1139 3911; x_wconf 76' lang='lat' dir='ltr'>egros</span> <span class='ocrx_word' id='word_1_341' title='bbox 1153 3849 1299 3914; x_wconf 71' lang='lat' dir='ltr'>remigrare,</span> <span class='ocrx_word' id='word_1_342' title='bbox 1315 3868 1339 3902; x_wconf 85' lang='lat' dir='ltr'>c.</span> 
     </span>
     <span class='ocr_line' id='line_1_41' title="bbox 272 3912 1339 3981; baseline -0.001 -15"><span class='ocrx_word' id='word_1_343' title='bbox 272 3918 426 3967; x_wconf 76' lang='lat' dir='ltr'>Autredr&#39;tu.</span> <span class='ocrx_word' id='word_1_344' title='bbox 459 3918 564 3966; x_wconf 83' lang='lat' dir='ltr'>Hotom.</span> <span class='ocrx_word' id='word_1_345' title='bbox 578 3912 747 3965; x_wconf 72' lang='lat' dir='ltr'>odilmmsle.</span> <span class='ocrx_word' id='word_1_346' title='bbox 812 3914 855 3972; x_wconf 68' lang='lat'>27,</span> <span class='ocrx_word' id='word_1_347' title='bbox 872 3921 899 3961; x_wconf 89' lang='lat' dir='ltr'>et</span> <span class='ocrx_word' id='word_1_348' title='bbox 912 3914 979 3962; x_wconf 77' lang='lat' dir='ltr'>clem</span> <span class='ocrx_word' id='word_1_349' title='bbox 995 3912 1101 3976; x_wconf 83' lang='lat' dir='ltr'>exngris</span> <span class='ocrx_word' id='word_1_350' title='bbox 1116 3915 1241 3964; x_wconf 86' lang='lat' dir='ltr'>deducere</span> <span class='ocrx_word' id='word_1_351' title='bbox 1250 3932 1339 3981; x_wconf 80' lang='lat' dir='ltr'>cmpe-</span> 
     </span>
     <span class='ocr_line' id='line_1_42' title="bbox 273 3977 1338 4045; baseline -0.001 -14"><span class='ocrx_word' id='word_1_352' title='bbox 273 3982 414 4031; x_wconf 58' lang='lat' dir='ltr'>neceam</span> <span class='ocrx_word' id='word_1_353' title='bbox 423 3997 483 4031; x_wconf 70' lang='lat' dir='ltr'>m.</span> <span class='ocrx_word' id='word_1_354' title='bbox 516 3980 557 4029; x_wconf 88' lang='lat' dir='ltr'>Sic</span> <span class='ocrx_word' id='word_1_355' title='bbox 567 3980 598 4029; x_wconf 90' lang='lat' dir='ltr'>C.</span> <span class='ocrx_word' id='word_1_356' title='bbox 610 3985 635 4038; x_wconf 76' lang='lat'>2,</span> <span class='ocrx_word' id='word_1_357' title='bbox 646 3985 671 4028; x_wconf 81' lang='lat'>⁵.</span> <span class='ocrx_word' id='word_1_358' title='bbox 681 3977 764 4042; x_wconf 74' lang='lat' dir='ltr'>sortu-</span> <span class='ocrx_word' id='word_1_359' title='bbox 811 3986 875 4032; x_wconf 86' lang='lat' dir='ltr'>rant.</span> <span class='ocrx_word' id='word_1_360' title='bbox 893 3993 917 4026; x_wconf 85' lang='lat' dir='ltr'>c.</span> <span class='ocrx_word' id='word_1_361' title='bbox 934 3980 975 4026; x_wconf 68' lang='lat'>³⁰.</span> <span class='ocrx_word' id='word_1_362' title='bbox 1009 3979 1077 4026; x_wconf 82' lang='lat' dir='ltr'>Hinc</span> <span class='ocrx_word' id='word_1_363' title='bbox 1094 3977 1258 4044; x_wconf 79' lang='lat' dir='ltr'>intelligetur,</span> <span class='ocrx_word' id='word_1_364' title='bbox 1274 3981 1338 4045; x_wconf 81' lang='lat' dir='ltr'>qnid</span> 
     </span>
    </p>

    <p class='ocr_par' dir='ltr' id='par_1_8' title="bbox 236 4042 1338 4171">
     <span class='ocr_line' id='line_1_43' title="bbox 236 4042 1338 4110; baseline 0.002 -16"><span class='ocrx_word' id='word_1_365' title='bbox 236 4060 332 4095; x_wconf 78' lang='lat' dir='ltr'>aarum</span> <span class='ocrx_word' id='word_1_366' title='bbox 349 4055 471 4096; x_wconf 70' lang='lat' dir='ltr'>ocenum.</span> <span class='ocrx_word' id='word_1_367' title='bbox 813 4042 916 4100; x_wconf 77' lang='lat' dir='ltr'>licerit,</span> <span class='ocrx_word' id='word_1_368' title='bbox 932 4042 1108 4093; x_wconf 71' lang='lat' dir='ltr'>Britannorum</span> <span class='ocrx_word' id='word_1_369' title='bbox 1123 4054 1221 4109; x_wconf 79' lang='lat' dir='ltr'>pectem</span> <span class='ocrx_word' id='word_1_370' title='bbox 1232 4044 1258 4095; x_wconf 91' lang='lat' dir='ltr'>in</span> <span class='ocrx_word' id='word_1_371' title='bbox 1269 4048 1338 4110; x_wconf 73' lang='lat' dir='ltr'>egris</span> 
     </span>
     <span class='ocr_line' id='line_1_44' title="bbox 274 4106 1027 4171; baseline -0.003 -12"><span class='ocrx_word' id='word_1_372' title='bbox 274 4112 345 4159; x_wconf 74' lang='lat' dir='ltr'>AEre.</span> <span class='ocrx_word' id='word_1_373' title='bbox 356 4128 382 4160; x_wconf 82' lang='lat' dir='ltr'>v.</span> <span class='ocrx_word' id='word_1_374' title='bbox 392 4112 445 4160; x_wconf 86' lang='lat' dir='ltr'>ind.</span> <span class='ocrx_word' id='word_1_375' title='bbox 456 4111 481 4160; x_wconf 87' lang='lat' dir='ltr'>in</span> <span class='ocrx_word' id='word_1_376' title='bbox 491 4125 534 4171; x_wconf 83' lang='lat' dir='ltr'>oer,</span> <span class='ocrx_word' id='word_1_377' title='bbox 543 4108 589 4159; x_wconf 89' lang='lat' dir='ltr'>nbi</span> <span class='ocrx_word' id='word_1_378' title='bbox 600 4106 763 4158; x_wconf 70' lang='lat' dir='ltr'>nesciente</span> <span class='ocrx_word' id='word_1_379' title='bbox 812 4106 971 4157; x_wconf 76' lang='lat' dir='ltr'>murensime.</span> <span class='ocrx_word' id='word_1_380' title='bbox 988 4108 1027 4157; x_wconf 77' lang='grc' dir='ltr'>Μ.</span> 
     </span>
    </p>

    <p class='ocr_par' dir='ltr' id='par_1_9' title="bbox 162 4174 1339 4301">
     <span class='ocr_line' id='line_1_45' title="bbox 162 4174 1339 4240; baseline 0.002 -16"><span class='ocrx_word' id='word_1_381' title='bbox 162 4221 166 4231; x_wconf 83' lang='grc'><strong>,</strong></span> <span class='ocrx_word' id='word_1_382' title='bbox 237 4174 420 4235; x_wconf 71' lang='lat' dir='ltr'>describunmr.</span> <span class='ocrx_word' id='word_1_383' title='bbox 438 4177 475 4225; x_wconf 82' lang='grc' dir='ltr'>Μ.</span> <span class='ocrx_word' id='word_1_384' title='bbox 847 4174 1088 4238; x_wconf 76' lang='lat' dir='ltr'>Duosecreliqm‘s.</span> <span class='ocrx_word' id='word_1_385' title='bbox 1115 4174 1339 4240; x_wconf 74' lang='lat' dir='ltr'>Scaligermstnlit</span> 
     </span>
     <span class='ocr_line' id='line_1_46' title="bbox 271 4236 1245 4301; baseline -0.002 -10"><span class='ocrx_word' id='word_1_386' title='bbox 271 4242 486 4291; x_wconf 64' lang='lat' dir='ltr'>Penestianae.</span> <span class='ocrx_word' id='word_1_387' title='bbox 519 4240 693 4291; x_wconf 76' lang='lat' dir='ltr'>Britannorum</span> <span class='ocrx_word' id='word_1_388' title='bbox 706 4236 762 4287; x_wconf 83' lang='lat' dir='ltr'>scil.</span> <span class='ocrx_word' id='word_1_389' title='bbox 812 4253 845 4286; x_wconf 78' lang='lat' dir='ltr'>ec</span> <span class='ocrx_word' id='word_1_390' title='bbox 854 4238 1156 4301; x_wconf 61' lang='lat' dir='ltr'>retaminviticeodn..</span> <span class='ocrx_word' id='word_1_391' title='bbox 1239 4278 1245 4299; x_wconf 70' lang='grc'>,</span> 
     </span>
    </p>

    <p class='ocr_par' dir='ltr' id='par_1_10' title="bbox 236 4301 1341 4437">
     <span class='ocr_line' id='line_1_47' title="bbox 236 4301 1341 4367; baseline 0.002 -12"><span class='ocrx_word' id='word_1_392' title='bbox 236 4312 266 4355; x_wconf 86' lang='lat' dir='ltr'>ut</span> <span class='ocrx_word' id='word_1_393' title='bbox 276 4304 380 4355; x_wconf 73' lang='lat' dir='ltr'>Greenr</span> <span class='ocrx_word' id='word_1_394' title='bbox 389 4304 488 4354; x_wconf 84' lang='lat' dir='ltr'>diserte.</span> <span class='ocrx_word' id='word_1_395' title='bbox 678 4339 683 4347; x_wconf 81' lang='grc'>.</span> <span class='ocrx_word' id='word_1_396' title='bbox 845 4304 880 4354; x_wconf 85' lang='lat' dir='ltr'>Et</span> <span class='ocrx_word' id='word_1_397' title='bbox 890 4301 1000 4366; x_wconf 71' lang='lat' dir='ltr'>conferta</span> <span class='ocrx_word' id='word_1_398' title='bbox 1008 4304 1114 4367; x_wconf 60' lang='lat' dir='ltr'>leffium.</span> <span class='ocrx_word' id='word_1_399' title='bbox 1140 4306 1341 4358; x_wconf 81' lang='lat' dir='ltr'>l.C.H.enren·</span> 
     </span>
     <span class='ocr_line' id='line_1_48' title="bbox 273 4368 1280 4437; baseline 0.002 -15"><span class='ocrx_word' id='word_1_400' title='bbox 273 4370 307 4422; x_wconf 83' lang='lat' dir='ltr'>lrr</span> <span class='ocrx_word' id='word_1_401' title='bbox 323 4374 402 4437; x_wconf 69' lang='lat' dir='ltr'>curn.</span> <span class='ocrx_word' id='word_1_402' title='bbox 435 4368 566 4434; x_wconf 82' lang='lat' dir='ltr'>Principes</span> <span class='ocrx_word' id='word_1_403' title='bbox 585 4369 762 4423; x_wconf 70' lang='lat' dir='ltr'>Britannorum</span> <span class='ocrx_word' id='word_1_404' title='bbox 810 4368 1136 4434; x_wconf 73' lang='lat' dir='ltr'>datetillorinccsfertrrsr</span> <span class='ocrx_word' id='word_1_405' title='bbox 1144 4372 1280 4436; x_wconf 69' lang='lat' dir='ltr'>hylem.</span> 
     </span>
    </p>
   </div>
   <div class='ocr_carea' id='block_1_7' title="bbox 0 0 1460 4809">
    <p class='ocr_par' dir='ltr' id='par_1_11' title="bbox 0 0 1460 4809">
     <span class='ocr_line' id='line_1_49' title="bbox 0 0 1460 4809; baseline 0 2"><span class='ocrx_word' id='word_1_406' title='bbox 0 0 1460 4809; x_wconf 95' lang='lat' dir='ltr'> </span> 
     </span>
    </p>
   </div>
  </div>
 </body>
</html>
