2909 4809
245 274 291 341 64
564 218 626 341 nn
650 271 800 341 BELLO
823 270 1043 340 GALLIOO.

244 460 432 537 reficerent;
468 474 540 551 post
570 462 648 527 dato
678 462 769 549 signo
798 484 839 527 ex
867 461 977 527 castris
1007 453 1216 550 erumperent
1230 463 1349 551 satque

242 570 369 615 omnem
382 570 471 638 spem
485 548 594 613 salutis
607 547 640 611 in
653 547 778 613 virtute
792 560 960 636 ponerent.

254 678 260 689 ·
290 635 320 701 6.
347 635 442 710 Quod
452 636 528 723 jussi
541 647 627 709 sunt,
649 634 772 701 faciunt
784 657 834 709 ac,
846 634 956 699 subito
968 636 1116 701 omnibus
1130 636 1302 725 portiseru
1332 672 1346 686 ·

245 722 331 787 tione
346 722 442 799 facta,
457 745 561 810 neque
577 720 799 809 cognoscendi,
823 720 902 808 qnid
922 720 1028 797 fieret,
1044 744 1149 809 neque
1170 725 1220 788 sui
1242 658 1330 787 conii

244 808 342 897 gandi
365 808 508 875 hostibus
528 808 716 873 facultatem
738 806 934 956 relinquunt.
982 807 1034 873 lta
1057 820 1253 875 commutata
1274 808 1345 873 for-

242 907 334 971 tuna,
357 895 500 996 eos,·qui
524 895 556 959 in
582 916 671 981 spem
703 894 818 980 potiun
841 916 935 958 orum
964 908 1143 961 castrorum
1170 908 1344 970 venerant,

242 981 385 1067 undique
412 993 646 1045 circumventos
677 978 874 1043 interficiunt
897 992 932 1044 et
958 1004 997 1044 ex
1021 980 1184 1046 hominnm
1207 982 1343 1047 milibus
1441 1007 1450 1033 ι

241 1067 380 1155 amplius
401 1068 545 1153 triginta,
568 1088 664 1153 quem
685 1088 855 1130 numerum
871 1064 1084 1131 barbarorum
1108 1068 1149 1132 ad
1164 1082 1269 1134 castra
1284 1091 1341 1133 ve-

240 1154 322 1219 nisse
336 1154 513 1243 constabat,
536 1152 609 1241 plus
624 1152 721 1217 tertia
742 1164 837 1240 parte
852 1152 1034 1227 interfecta,
1058 1154 1199 1241 reliquos
1210 1166 1341 1256 perter-

240 1240 320 1303 ritos
333 1241 365 1303 in
378 1240 489 1327 fugam
504 1239 678 1327 conjiciunt
692 1262 730 1301 ac
752 1260 791 1303 ne
807 1240 841 1303 in
861 1238 938 1303 locis
959 1238 1091 1325 quidem
1114 1241 1340 1342 superioribus

242 1327 411 1391 consistere
428 1326 607 1413 patiuntur.
655 1326 721 1399 Sic,
746 1324 893 1389 omnibus
918 1324 1055 1391 hostiurn
1079 1326 1179 1416 copiis
1194 1329 1272 1393 hrsis
1285 1351 1339 1394 ar-

240 1413 364 1499 misque
387 1414 502 1487 exutis,
536 1436 569 1475 se
595 1414 626 1476 in
649 1424 754 1475 castra
776 1412 1032 1497 munitionesque
1055 1436 1130 1479 suas
1157 1415 1336 1502 recipiunt.
1398 1492 1406 1501 ἴ

147 1576 150 1585 Ι
242 1498 316 1572 Quo
328 1499 444 1587 proelio
459 1500 556 1573 factm
572 1497 660 1583 quod
677 1499 789 1585 sepius
809 1498 971 1562 fortunam
985 1509 1112 1563 tentare
1128 1500 1236 1565 Galba
1248 1501 1337 1566 nole-

240 1584 298 1649 bat
311 1597 410 1687 atque
423 1584 486 1651 alio
500 1608 565 1650 sese
579 1584 610 1649 in
625 1583 760 1648 hiberna
770 1583 901 1648 consilio
912 1584 1033 1649 venisse
1047 1588 1247 1662 meminerat,
1263 1588 1336 1654 aliis

239 1692 413 1738 occurrisse
437 1672 535 1738 rebus
565 1670 703 1745 viderat,
729 1670 864 1734 maxime
889 1670 1040 1735 frumenti
1072 1686 1336 1761 commeatusque

204 1816 207 1823 i
237 1758 345 1849 inopia
357 1771 534 1847 permotus,
551 1770 680 1846 postero
690 1757 744 1821 die
758 1756 904 1821 omnibus
919 1757 987 1843 ejus
1000 1759 1060 1821 vici
1075 1758 1214 1844 edificiis
1226 1761 1334 1828 incen-

237 1846 289 1921 sis,
311 1847 343 1911 in
370 1846 569 1912 Provinciam
590 1845 710 1909 reuerti
731 1842 914 1907 contendit:
938 1866 975 1907 ac
999 1843 1089 1908 nullo
1111 1844 1201 1911 hoste
1222 1847 1333 1935 prohi-

237 1932 347 2008 bente,
363 1944 421 1997 ant
432 1933 495 1997 iter
511 1934 707 2007 demorante,
719 1929 911 1995 incolumem
926 1928 1084 2017 legionem
1099 1933 1131 1996 in
1143 1935 1331 2012 Nantuatis,

238 2018 311 2084 inde
324 2020 357 2083 in
373 2019 579 2107 Allobrogas,
592 2016 746 2119 perduxit
757 2015 867 2102 ibique
880 2015 1041 2080 hiemavit.

282 2106 313 2169 7.
340 2105 400 2169 His
415 2106 511 2169 rebus
525 2116 632 2192 gestis,
648 2126 748 2189 quum
763 2101 911 2166 omnibus
923 2101 966 2168 de
982 2104 1097 2168 caussis
1112 2103 1220 2169 Caesar
1235 2128 1332 2195 paca·

236 2202 303 2255 tam
318 2190 458 2256 Galliam
466 2191 672 2263 existimaret,
686 2188 845 2276 superatis
859 2188 980 2276 Belgis,
993 2213 1032 2253 ex
1058 2190 1133 2255 uisis
1146 2191 1331 2271 Germanis,

236 2278 329 2343 victis
353 2278 385 2341 in
410 2276 550 2364 Alpibus
575 2274 724 2350 Sedunis,
747 2286 848 2361 atque
869 2274 915 2338 ita
939 2276 1018 2341 inita
1033 2214 1142 2341 liieme
1159 2275 1331 2367 Illyricum

236 2364 403 2453 profectus
425 2374 516 2437 esset,
540 2363 627 2449 quod
643 2384 695 2425 eas
714 2382 845 2447 quoque
859 2362 1000 2426 nationes
1020 2363 1109 2427 adire
1130 2374 1165 2428 et
1179 2367 1329 2453 regiones

234 2472 426 2538 cognoscere
447 2437 588 2523 volebat,
610 2448 753 2513 subitum
776 2446 898 2511 bellum
917 2449 949 2512 in
966 2448 1075 2514 Gallia
1095 2462 1244 2516 coortum
1265 2468 1326 2519 est.

236 2537 316 2626 Ejus
330 2537 409 2602 belli
424 2536 489 2602 haec
509 2536 573 2599 fuit
594 2558 709 2615 caussa,
757 2534 794 2597 P.
817 2534 950 2599 Crassus
962 2534 1142 2601 adolescens
1155 2560 1231 2602 cnm
1247 2538 1327 2629 legi-

233 2644 296 2689 one
310 2625 445 2713 septima
469 2622 631 2711 proximus
645 2644 732 2686 mare
754 2620 919 2685 Oceanum
938 2622 972 2687 in
993 2622 1140 2687 Andibus
1154 2622 1325 2692 hiemaret.

234 2708 278 2787 ΙΙ,
291 2711 377 2799 quod
389 2712 422 2775 in
433 2709 481 2775 his
495 2708 687 2797 locis‘inopia
698 2707 851 2773 frumenti
863 2719 944 2783 erat,
966 2708 1138 2773 Praefectos
1148 2710 1327 2779 Tribunos-

209 2820 298 2884 ·que
312 2797 451 2861 militum
467 2795 646 2884 complures
668 2796 700 2859 in
723 2792 882 2859 linitumas
901 2795 1048 2859 civitates
1068 2795 1223 2861 frumenti
1239 2820 1325 2865 com.

197 2940 198 2943 ,
231 2895 319 2947 meat
380 2906 420 2947 ue
444 2881 577 2969 petendi
603 2904 710 2947 caussa
728 2879 866 2945 diffluit:
914 2904 955 2945 uo
979 2881 1011 2945 in
1035 2902 1169 2948 nurnero
1187 2896 1259 2949 erat
1280 2887 1322 2952 Τ.

234 2968 362 3033 Terrasi
387 2970 446 3042 ius,
465 2969 575 3032 missus
590 2968 621 3033 in
643 2965 786 3040 Unellos,
813 2966 863 3031 M.
908 2966 1016 3032 rebius
1032 2968 1148 3034 Gallus
1159 2970 1191 3035 in
1207 2970 1324 3039 Curio-

231 3056 351 3132 solitas,
376 3056 416 3131 Q.
433 3053 584 3120 Velanius
599 3053 724 3119 cumT.
740 3052 820 3119 Silio
830 3053 863 3118 in
880 3053 1031 3120 Venetos,

266 3208 527 3272 Iam-cemani.
559 3202 601 3253 Sic
614 3202 715 3266 passim,
724 3218 748 3251 v.
835 3202 936 3252 omns.
969 3204 995 3251 ln
1013 3218 1101 3266 magns
1112 3202 1232 3254 lectionis
1240 3208 1324 3259 varie.

234 3274 257 3331 1,
277 3274 314 3321 te.
331 3274 356 3331 t,
370 3276 406 3321 la.
439 3270 507 3319 Male
517 3267 688 3338 Ciaecouspe,
699 3282 748 3317 non
795 3274 846 3316 tate
877 3268 1021 3328 (cosme,
1056 3268 1179 3327 Eusebia,
1209 3270 1322 3335 Ruunt,

229 3336 317 3385 eodem
329 3352 411 3386 sensu.
555 3346 556 3349 ’
635 3346 639 3353 ·
798 3330 1321 3398 Subics)0udendorpiusrecepitltsuns'02,

266 3404 407 3460 munim,
415 3400 441 3449 in
449 3416 558 3449 escensu
571 3397 699 3448 incidisse.
711 3396 748 3445 Μ.
796 3396 845 3445 Sed
855 3412 913 3445 cnm
930 3398 1040 3446 Esubios
1051 3414 1125 3447 nemo
1139 3412 1320 3453 commemoret

261 3468 398 3531 Illyricum.
408 3465 487 3514 Codd.
499 3461 749 3529 quidampraepositi·
795 3470 820 3509 et
831 3461 872 3510 Gr.
889 3463 1010 3527 memphr.
1023 3464 1048 3512 h.
1061 3464 1079 3512 l.
1091 3461 1204 3511 nominet
1215 3466 1321 3528 Unellos,

231 3542 377 3590 enecarent,
387 3532 454 3593 quod
460 3538 485 3579 et
495 3530 560 3579 alibi
570 3529 595 3578 in
603 3527 749 3577 nominibus
796 3526 879 3588 probo
891 3526 947 3586 hos,
956 3527 1001 3590 qui
1017 3530 1111 3577 Unellos
1129 3526 1208 3575 scribi
1219 3532 1319 3592 volunt,

227 3598 360 3663 reginum
372 3596 522 3645 observatur.
538 3610 562 3642 v.
575 3593 639 3642 Oud.
796 3590 933 3653 presertim
943 3607 1001 3641 curn
1010 3592 1086 3642 etiam
1097 3596 1123 3651 2,
1136 3594 1176 3650 34,
1186 3600 1212 3640 et
1221 3609 1281 3644 mox
1292 3612 1318 3645 e.

265 3666 296 3715 Ρ.
310 3665 419 3713 osso.
436 3658 509 3719 (31.2,
522 3662 560 3709 st.
582 3660 619 3707 M.
799 3658 836 3703 11.
846 3664 871 3704 et
885 3658 921 3703 17.
940 3656 999 3705 item
1010 3660 1034 3716 7,
1046 3660 1077 3705 75
1088 3654 1256 3711 nominentur.
1278 3662 1319 3711 De

264 3730 474 3779 messeanam.
509 3722 551 3771 Sic
566 3720 657 3785 optimi
675 3720 747 3771 codd.
796 3719 900 3768 Venetis
916 3737 939 3768 v.
963 3720 1317 3786 circumsonantem.

229 3794 276 3845 alii
285 3796 350 3843 mcii
361 3793 461 3841 Oeam.
478 3788 517 3837 Cf.
529 3792 553 3846 6,
564 3790 603 3835 31.
795 3786 832 3833 Μ.
852 3786 965 3847 Reposni
982 3788 1083 3845 Unellos,
1101 3800 1166 3853 qnos
1182 3787 1317 3844 Ὀηνίλλης

265 3859 298 3906 In
311 3856 426 3905 Andbas.
459 3851 569 3915 Scaliger
583 3851 669 3902 omisit
684 3867 748 3914 pre·
792 3857 866 3923 uocat
880 3850 1039 3910 Ptolomeus,
1054 3850 1098 3914 qui
1116 3854 1319 3907 contraham

226 3921 389 3989 positionem.
793 3923 897 3977 tgnofflt·
1143 3977 1150 3989 ⁹

266 3989 357 4036 Cosam.
366 3984 469 4051 petendi.
479 3986 534 4034 hec
544 3982 621 4033 uerba
630 3982 655 4030 in
669 3979 747 4029 variis
831 3980 931 4029 muru
944 3980 1036 4030 Gallus.
1056 3982 1162 4044 Repetit
1172 3979 1278 4032 Ursinus
1288 3982 1314 4035 in

229 4052 303 4103 codd.
312 4058 338 4098 et
347 4050 401 4097 edd.
412 4050 507 4098 meunt.
533 4048 746 4109 Scdnostersaepe
792 4044 866 4091 codd.
893 4042 1317 4104 Treboniusffiuietalibiadhoeret

223 4116 378 4181 fiumen
387 4122 411 4161 et
421 4110 676 4176 commeatumjungit.
686 4126 709 4159 v.
724 4112 745 4169 1,
793 4122 931 4171 cognomen
954 4107 1032 4158 Galli.
1059 4111 1151 4173 probet
1176 4107 1316 4175 Cellarius3

228 4185 269 4231 ss.
281 4186 306 4239 s,
318 4182 340 4227 s.
353 4183 377 4235 4,
388 4178 426 4226 so.
437 4179 462 4235 τ,
474 4182 513 4228 sa.
792 4186 838 4221 nec
852 4171 989 4223 dubitarem
1004 4172 1125 4237 recipere,
1141 4170 1169 4225 ui
1183 4182 1208 4225 et
1223 4179 1315 4231 rnna

262 4244 368 4301 mut,
387 4256 437 4289 non
456 4249 484 4289 ut
502 4239 528 4288 vi
549 4250 680 4299 uterentur,
697 4240 746 4289 'sed
792 4238 976 4304 gemimucns
985 4250 1133 4294 occureret

228 4313 364 4375 legatorum
374 4304 485 4365 nomine,
493 4304 538 4368 qui
546 4304 596 4355 sibi
608 4305 656 4358 boc
666 4303 745 4359 tribui

128 4384 138 4411 1
228 4380 347 4445 rogarent.
358 4372 391 4425 cl.
402 4387 427 4424 c.
443 4374 494 4422 aet
505 4372 541 4421 16.
558 4371 596 4426 M.
