2909 4809
427 305 513 374 LlB.
539 307 583 374 ll.
629 307 730 374 cnP.
753 309 849 378 '2—4.
1141 301 1209 376 313

110 504 349 564 tormentorum
364 517 490 564 omnem
511 495 817 564 administrationem
837 493 996 562 tardabat.
1042 494 1210 564 Tumcre-

110 585 183 650 broe
196 605 256 670 per
270 582 404 649 Albicos
416 607 475 650 eru
500 584 603 650 tiones
626 582 747 650 fiebant
767 607 806 649 ex
827 605 846 646 o
872 582 960 671 pido,
981 581 1035 670 ign
1093 607 1132 648 ue
1146 607 1212 673 ag·

109 669 186 758 geri
214 681 249 736 et
273 669 418 740 turribus
441 671 449 686 ⁶
487 671 675 747 erebantur,
719 695 768 738 uae
788 605 881 736 facile
896 666 994 734 nostri
1009 691 1086 758 repe
1100 669 1212 736 lebant

110 756 233 823 milites
243 756 444 856 magnisque
466 758 556 834 ultro
579 757 686 823 inlatis
721 755 918 840 etrimentis,
932 778 998 832 eos,
1012 755 1070 842 qui
1083 756 1209 845 erupti·

93 865 207 912 -onem
222 843 376 926 fecerunt,
392 867 425 910 ιιι
440 843 597 932 oppidum
610 843 807 931 rejiciebant.
1204 879 1209 886 ·

157 932 191 996 3.
216 929 349 996 Interim
362 929 401 994 L.
416 931 629 1006 Nasidimb
643 932 705 996 Cn.
718 928 872 1018 Pompeio
884 951 958 994 curn
968 928 1065 994 classe
1081 928 1212 996 navium

110 1016 263 1092 sedecim,
278 1016 445 1101 inquibus
460 1040 569 1118 paucoe
581 1029 675 1082 erant
688 1028 809 1092 aeratae,
823 1015 860 1080 L.
875 1013 1020 1082 Domitio
1034 1015 1213 1084 Massilien-

111 1104 266 1191 sibusque
279 1103 555 1181 subsidiomrssus,
570 1104 656 1170 freto
677 1102 807 1180 Siciliae,
823 1102 1017 1191 inprudens
1032 1114 1132 1190 atque
1144 1103 1212 1168 ino-

111 1191 245 1280 pinante
257 1188 410 1266 Curione,
424 1189 632 1278 pervehitur:
656 1187 863 1279 adpulsisque
876 1187 1054 1256 Messanam
1063 1189 1213 1266 navibus,

110 1289 214 1364 atque
225 1276 298 1342 inde
308 1290 445 1365 propter
455 1277 662 1377 repentinum
674 1290 831 1344 terrorem
843 1275 1026 1364 principum
1037 1288 1216 1378 serenatus

112 1365 196 1465 inge
219 1362 318 1438 facta,
341 1386 381 1428 ex
402 1364 571 1431 navalibus
584 1388 698 1429 eorum
712 1386 826 1430 navem
841 1385 938 1428 unam
952 1360 1095 1428 deducit.
1141 1361 1217 1429 Hac

112 1451 270 1538 adjuncta
282 1449 325 1516 ad
339 1449 477 1538 reliquas
491 1473 599 1526 neves,
611 1473 743 1516 cursum
758 1448 932 1516 Massiliam
949 1471 1059 1514 versus
1066 1447 1191 1536 perlicit
1202 1469 1218 1523 3-

113 1561 140 1626 p
217 1535 223 1551 '
299 1536 434 1602 neelnm
444 1537 605 1613 navicula,
618 1535 798 1604 Domitium
814 1535 1089 1622 Massiliensesque
1102 1535 1143 1601 de
1154 1559 1214 1602 suo

112 1623 178 1690 adv
221 1633 260 1688 tu
273 1625 427 1690 certiores
441 1625 520 1688 facit
535 1647 715 1725 eosquema
761 1645 859 1711 opere
870 1620 1034 1696 hortatur,
1050 1633 1089 1686 ut
1102 1644 1214 1688 rursus
1284 1621 1288 1628 ’

113 1711 190 1778 cuin
206 1709 303 1776 Bruti
317 1709 427 1789 classe,
440 1710 558 1777 additis
568 1711 720 1776 nnsnuxi
735 1709 784 1785 iis,
799 1707 893 1776 confli
915 1721 985 1773 ont.
1112 1757 1116 1768 .
1209 1750 1212 1764 ι

157 1797 190 1862 4.
217 1795 442 1872 Massilienses,
470 1811 545 1887 post
570 1820 610 1862 sn
651 1797 719 1862 rius
744 1797 878 1862 incomm
923 1817 989 1870 um,
1018 1804 1143 1860 veteres
1171 1793 1213 1860 ad

113 1882 262 1950 enfflem
284 1906 454 1950 nnmerum
474 1908 515 1949 ex
535 1906 619 1953 nava
632 1884 704 1950 'bus
750 1881 901 1948 reductas
921 1903 1015 1954 naves
1036 1880 1216 1949 refecerant

113 1993 301 2057 numinaque
315 1969 702 2045 industrianrmaverant,
713 1905 885 2057 gemigurn
895 1968 1216 2058 gubernatorumque

112 2079 231 2144 magna
259 2055 354 2143 copia
379 2057 605 2146 subpeteban)
632 2055 883 2144 piscatoriesqrre
905 2052 1089 2156 adjecerant
1116 2064 1216 2208 ruppe

113 2155 338 2219 contexerant,
366 2156 405 2209 ut
429 2157 532 2210 essent
558 2146 602 2210 ab
625 2143 695 2209 ictu
722 2141 861 2210 telorum
881 2161 1019 2229 remiges
1033 2139 1143 2222 ,tutin
1220 2172 1223 2178 1

114 2229 290 2316 sagittariis
304 2227 538 2318 tormentisque
557 2230 813 2318 compleverunt.
859 2225 934 2293 Tsli
949 2225 1044 2294 modo
1058 2225 1224 2294 instructa

114 2315 228 2392 classe,
241 2315 385 2385 omnium
398 2316 574 2393 seniorum,
584 2330 724 2384 matrum
735 2315 875 2392 familie,
891 2313 1055 2402 virginum
1066 2313 1220 2404 praeibas

113 2414 148 2468 et
162 2401 242 2468 fletu
254 2401 401 2479 excitati,
414 2417 454 2468 nt
467 2415 613 2470 extremo
625 2415 771 2491 tempore
784 2400 909 2468 civitati
920 2399 1141 2476 subvenirent,
1152 2422 1225 2470 nou

114 2487 238 2554 minore
252 2488 357 2555 animo
369 2511 407 2554 ac
418 2488 549 2566 fiducia,
569 2513 666 2578 quam
682 2501 758 2557 ante
772 2487 1015 2564 dimicaverant,
1031 2509 1128 2554 naves
1142 2509 1218 2554 con·

115 2573 287 2642 scendunt.
318 2575 488 2643 Communi
502 2576 587 2642 enim
600 2576 643 2642 sit
655 2575 885 2649 vitioneturse,
900 2587 938 2638 ut
951 2573 1072 2649 invisis,
1087 2573 1217 2642 latitur-

115 2663 316 2750 &eratque
328 2661 498 2750 incognitis
508 2663 605 2730 rebus
615 2661 717 2749 nugis
728 2659 925 2753 conlidnmus
937 2658 1227 2762 vehementiusque·

114 2760 357 2816 exterreamurt
393 2760 433 2814 ut
457 2759 527 2814 tum
551 2747 676 2830 accidit.
722 2747 892 2812 Adventus
911 2745 997 2812 enim
1019 2745 1058 2810 1..
1088 2745 1216 2812 Nesadii

115 2859 238 2907 summu
250 2859 307 2924 spe
318 2847 353 2902 et
366 2835 536 2902 voluntate
550 2833 716 2900 civitatem
738 2833 969 2921 compleverat.
1025 2831 1124 2898 Nacti
1146 2831 1215 2897 ido·

116 2946 213 2990 neum
227 2933 374 2998 ventum,
389 2941 434 2990 ,ex
449 2933 550 3010 portu
564 2932 685 2986 exeunt
698 2933 733 2986 et
757 2919 954 2996 Tnuroiinta,
976 2918 1063 3007 quod
1078 2930 1128 2988 eet
1147 2942 1225 2988 cua·-

150 3107 254 3158 Albr'cor.
287 3103 326 3154 Cf.
341 3106 363 3164 1,
374 3109 414 3155 84.
423 3107 465 3154 ὅτ.
482 3104 521 3154 Μ.
691 3103 854 3156 Murelnndns
876 3105 903 3156 in
925 3105 1053 3172 Explicat.
1073 3115 1123 3158 vet.
1144 3115 1213 3159 auct.

150 3171 258 3222 AEratae.
275 3169 327 3219 vid.
339 3169 391 3218 lnd.
403 3167 429 3219 in
438 3184 481 3218 ωε.
498 3169 536 3218 Μ.
692 3185 720 3233 p.
731 3173 778 3219 967
790 3170 815 3219 le
836 3171 914 3220 ivult
926 3175 1064 3222 mentatio.
1104 3171 1227 3236 Vulgata,

151 3239 270 3287 &trione
286 3235 326 3284 Cl.
342 3237 415 3293 nal.
433 3235 471 3283 Μ.
690 3235 766 3285 lectio
777 3187 927 3285 meliorest.
958 3236 1053 3286 Tribus
1062 3235 1214 3294 verbirCar-

150 3303 309 3366 Perpennae.
342 3297 394 3348 Alii
402 3302 557 3364 proceditur.
690 3315 731 3348 aar
747 3300 1045 3364 dammucensem,
1060 3301 1092 3350 de
1107 3315 1214 3365 querum

151 3367 194 3415 Er
208 3365 341 3421 ‚metibus
356 3370 445 3414 smum
460 3379 549 3414 urant.
582 3363 640 3412 Hoc
689 3364 760 3414 exitu
780 3379 846 3415 nnnc
865 3367 1092 3416 noscerentur.
1121 3367 1213 3416 Forsan

116 3430 222 3480 debetur
234 3420 370 3493 scaligero.
402 3427 486 3491 Vulgo
501 3436 553 3481 erat
568 3431 641 3478 noni-
690 3429 717 3476 si
735 3431 889 3480 lntitorrtibm
906 3441 990 3480 ortum
1007 3447 1022 3480 e
1039 3431 1123 3494 glossa
1141 3431 1214 3481 vocis

116 3498 171 3546 bru.
191 3495 277 3545 Daris.
293 3510 308 3543 e
327 3495 384 3542 cod.
423 3493 525 3543 Norvic.
536 3493 640 3544 volebat
688 3496 783 3544 mnia.
815 3495 918 3545 Mecum
929 3495 1134 3546 lacitBentleius.

113 3577 146 3610 en
163 3561 297 3612 maurino
316 3564 404 3609 ecrrim
423 3559 523 3608 deducit
541 3575 640 3608 narem.
724 3561 917 3612 Ecterreonaur.
953 3561 1056 3610 Nullum
1084 3561 1127 3611 lde
1158 3577 1214 3610 erce

116 3625 194 3675 sicet
204 3639 265 3674 mox
276 3640 333 3689 cap.
345 3629 370 3673 4.
401 3622 641 3688 Hicquoqueaddo
689 3624 778 3674 terrori
797 3626 883 3674 locum
899 3633 986 3676 monet
1007 3625 1141 3676 Bentleins.
1181 3625 1217 3675 Et

114 3705 214 3740 notens.
446 3723 449 3730 ·
691 3697 789 3739 certum
806 3698 852 3751 est,
867 3691 934 3742 mele
951 3691 1076 3740 cohaerere
1095 3705 1154 3740 cunr
1174 3706 1215 3740 se·

150 3757 393 3819 Srsperr'urincomnt.
426 3753 500 3802 Conl.
513 3758 586 3812 l,58.
604 3753 641 3803 Μ.
691 3755 836 3817 quentibua.
877 3756 982 3806 Pr0inde
1002 3756 1053 3820 legi
1069 3755 1142 3820 jubet
1166 3755 1214 3805 late
1257 3791 1260 3798 ·

133 3879 137 3887 ι
149 3821 293 3882 leniorem.
337 3819 384 3870 llic
415 3821 557 3869 addendum
588 3820 643 3879 erit,
691 3821 837 3882 efferamur.
862 3827 863 3832 ’
991 3877 993 3882 .

115 3887 192 3934 arim.
210 3885 249 3933 Μ.
730 3887 882 3934 Tamohrta.
921 3885 1062 3949 Stephanus
1081 3885 1215 3949 Byzantius

151 3949 306 4014 Subpetebat.
333 3949 396 3996 Hoc
411 3949 516 3998 verbum
532 3963 643 4013 expunc·
692 3949 793 4013 scripsit
803 3951 909 4017 nginr,
924 3952 993 4014 quod
1003 3965 1094 4000 nomen
1106 3953 1137 4000 Ιι.
1150 3951 1215 4002 Vos·
1259 3947 1266 3966 '

116 4021 170 4062 turn
180 4012 254 4080 cupit
262 4014 326 4064 Scal.
340 4014 425 4064 invitis
433 4017 507 4064 codd.
692 4015 746 4066 sius
755 4015 831 4064 Molee
841 4016 878 4076 (t,
891 4017 918 4076 5)
926 4015 1039 4064 reddidit.
1064 4017 1216 4066 Ptolemaeus

154 4081 185 4128 Ut
202 4080 376 4128 correrio-'ri
397 4087 425 4128 ut
448 4078 472 4130 in
492 4079 642 4145 quibusdem
694 4081 827 4147 ngdvrm
838 4081 952 4144 proxime
965 4089 1022 4144 post
1032 4080 1171 4131 Mnasilism
1181 4083 1215 4131 ab

117 4145 190 4192 codd.
202 4145 341 4202 decennos
355 4123 436 4193 males
693 4153 748 4193 ortu
761 4145 864 4208 posuit:
887 4161 960 4208 equo
971 4146 1119 4196 strabonem
1140 4147 1176 4206 (t.
1188 4163 1215 4211 p.

152 4210 329 4259 latitantibus.
363 4209 432 4267 Quin
450 4211 524 4259 codd.
549 4209 645 4272 aliquot
696 4213 746 4262 180,
762 4210 808 4260 ubi
829 4210 950 4278 ‘respirem
976 4211 1025 4272 est)
1050 4211 1216 4261 Gsmubonns

119 4273 212 4327 brbent
226 4277 341 4334 latitatis,
362 4274 468 4325 verbum
485 4274 541 4326 sine
561 4291 645 4334 senen
694 4276 817 4327 emendat.
847 4279 938 4329 Cedat.
977 4277 1083 4326 Videtur
1097 4277 1216 4328 luissend

996 4527 1002 4560 l
