2909 4809
241 239 307 310 584
570 238 610 306 0.
633 233 758 306 JULII
782 232 991 306 OAESARJS

244 425 458 518 singularem:
492 425 580 510 (nem
603 423 731 513 scripsit
756 423 804 490 his
829 421 948 500 verbis,
967 444 1082 510 ¹quum·
1095 419 1188 490 hunc·
1203 408 1338 504 namins

247 527 330 595 esset
342 513 492 580 adfatus:
516 522 539 553 “
555 536 604 589 ec,
620 511 645 576 si
659 512 801 600 cogitata
815 510 964 598 praeclsre
975 510 1083 597 eloqui
1098 511 1240 599 pos's‘serit,¹
1255 533 1338 584 non-

248 611 272 642 “
288 601 369 666 nulli
383 598 491 665 studio
504 610 537 665 et
550 621 611 663 usu
630 598 873 673 laboraverunt,
888 599 978 686 cujus
1002 609 1034 661 te
1048 621 1136 686 pane
1151 597 1335 688 principem

249 696 273 728 ‘⁶
288 686 389 774 copiae
413 698 512 774 etque
541 685 751 763 inventorem,
778 685 859 750 bene
889 683 929 749 de
959 682 1083 750 nomine
1109 707 1147 750 ac
1172 683 1335 772 dignitate

236 771 272 816 “‘
289 772 408 861 Populi
422 771 561 838 Romam
581 771 733 836 meritum
753 794 818 836 esse
832 769 1012 852 existima
1032 769 1335 870 debemus3'')'hunc

247 859 375 925 facilem
388 870 422 923 et
434 857 656 946 quotidianum
674 856 811 923 noluisse
833 879 1022 936 sermonem,
1044 879 1127 924 nunc
1142 857 1335 958 pronelicto

246 958 297 1013 est
310 943 504 1010 habendum.
540 944 625 1009 Tum
639 943 774 1018 Brutus,
788 943 898 1018 amice,
911 941 1053 1020 hercule,
1066 945 1186 1030 inqu1t,
1199 954 1234 1008 et
1246 967 1337 1033 mag·

160 1043 164 1050 '
246 1031 339 1098 nifice
361 1042 395 1098 te
413 1031 580 1098 laudatum
594 1043 687 1130 puto,
702 1053 800 1118 quem
817 1051 880 1094 nou
902 1028 1004 1094 solum
1029 1029 1338 1119 principem'atqne

247 1117 445 1184 inventorem
459 1115 559 1206 copiae
573 1115 704 1192 duxerit,
725 1139 798 1204 quae
817 1129 888 1182 erat
911 1139 1029 1205 magun
1050 1116 1130 1193 leus,
1153 1116 1208 1182 sed
1234 1118 1336 1184 etiem

247 1205 330 1270 bene
344 1204 494 1273 meritum
506 1202 547 1269 de
563 1201 681 1294 Pdpuli
707 1203 843 1268 Ramani
868 1203 992 1268 nomine
1012 1216 1047 1268 et
1064 1202 1338 1292 dignitate-Ec

250 1289 318 1358 Gs'c.
333 1290 371 1356 ia
384 1289 501 1370 Baete,
513 1312 541 1356 c.
558 1290 611 1354 72.

293 1468 334 1534 G.
361 1469 467 1534 Caesar
488 1466 543 1532 ille
564 1477 742 1557 perpetuus
765 1445 939 1542 Dictator}
955 1465 1016 1534 Cn.
1031 1465 1176 1556 Pompeii
1193 1489 1299 1542 socer,
1318 1491 1339 1532 a

121 1565 134 1592 ⁸
248 1576 316 1654 quo
337 1553 457 1620 familia
468 1565 502 1618 et
515 1554 557 1618 ad
599 1553 690 1619 llatio
712 1553 876 1638 Cessatum
900 1551 1049 1640 deinceps
1072 1565 1255 1642 propagata
1275 1565 1340 1628 est,

248 1663 301 1706 vu
316 1640 435 1742 ingenii
477 1663 556 1704 raece
571 1639 675 1726 ¹entis,
687 1639 840 1705 sermonis
855 1639 1066 1726 praeter'alios
1076 1663 1141 1704 suae
1153 1640 1258 1704 aetatis
1270 1664 1339 1704 ms-

248 1727 373 1807 tinimn,
383 1726 416 1791 in
430 1665 532 1802 liiris,
541 1748 622 1812 quoe
633 1726 673 1790 ad
687 1725 737 1789 M.
752 1726 939 1790 Ciceronem
949 1725 1168 1810 annalogia
1177 1726 1302 1791 conseri

250 1813 304 1888 sit,
314 1833 430 1879 areana
440 1812 552 1877 vitiose
559 1811 624 1877 dici
631 1811 845 1889 existimabat,
857 1811 945 1911 quod
955 1831 1055 1875 arena
1068 1835 1244 1898 numquam
1255 1835 1289 1876 m
1304 1751 1340 1878 i:

249 1899 398 1964 titudinis
417 1920 551 1964 numera
564 1897 759 1986 adpellanda
780 1897 834 1974 sit,
854 1898 947 1962 sicuti
967 1919 1069 1984 neque
1084 1899 1207 1978 calum,
1232 1921 1340 1986 neque

251 1985 404 2050 triticam.
419 1995 531 2050 contra
545 1995 656 2049 autem
669 1982 857 2071 quadrigas,
870 1985 993 2049 etiamsi
1007 2007 1121 2050 currus
1140 2008 1224 2052 uuus
1238 2009 1340 2071 equo-

250 2094 326 2136 rum
368 2081 485 2135 uatuor
499 2076 686 2156 junctorum
705 2093 806 2134 unum
819 2070 872 2146 sit,
889 2069 1053 2168 plurativo
1066 2095 1191 2158 semper
1203 2095 1341 2140 numero

250 2095 400 2223 dicendus
415 2169 522 2244 putat,
538 2156 735 2234 cicutam,
749 2168 782 2220 et
796 2175 926 2232 manta,
946 2167 981 2220 et
1004 2156 1146 2232 comitia,
1168 2169 1204 2222 et
1225 2157 1340 2223 inimi-

251 2242 349 2307 citias
367 2254 429 2305 etc.
476 2241 595 2306 Paullo
616 2253 715 2328 post:
747 2241 839 2306 Tunc
862 2241 988 2328 prolato
1012 2241 1098 2308 libro
1119 2243 1158 2308 de
1170 2243 1342 2328 Analogia

249 2328 355 2416 primo
368 2327 469 2392 verbs
481 2326 548 2391 haec
560 2351 601 2392 ex
614 2350 653 2391 eo
667 2350 771 2415 pauca
785 2328 944 2393 memoriae
958 2328 1117 2406 mandavi,
1141 2351 1213 2394 nam
1237 2352 1342 2416 quum

249 2413 460 2502 predixisset,
482 2436 587 2500 neque
607 2412 736 2486 coelum,
760 2413 956 2490 tiiticumve,
981 2436 1095 2502 neque·
1108 2437 1238 2480 arenam
1257 2416 1342 2480 mul·

249 2499 402 2583 titudinis
422 2498 684 2583 significationem
696 2499 797 2588 'patiz
824 2511 845 2540 “
862 2483 953 2566 Num
968 2503 1037 2580 tu‚”
1052 2499 1169 2587 inquit,
1186 2510 1211 2570 “.
1225 2499 1342 2568 lterum

252 2597 277 2628 ‘⁶
291 2608 402 2652 rerum
420 2595 537 2650 nature
559 2585 704 2650 accidere
726 2585 907 2661 arbitreris,
932 2586 1021 2673 quod
1046 2610 1141 2652 unam
1163 2600 1285 2652 terram
1308 2601 1344 2652 et

251 2682 277 2717 “
316 2671 403 2737 lures
416 2680 531 2749 terres,
552 2671 713 2756 eturbem
725 2684 760 2737 et
776 2673 884 2749 urbes,
903 2685 937 2737 st
955 2672 1124 2762 imperium
1146 2687 1180 2753 et
1202 2672 1343 2762 imperia

254 2769 277 2801 “
292 2696 462 2824 dicamus?
484 2780 588 2846 neque
601 2759 774 2846 quadrigae
794 2760 826 2824 in
841 2781 938 2824 unam
953 2761 1086 2826 nominis
1101 2760 1241 2849 figuram
1255 2760 1341 2826 redi-

254 2854 279 2887 “
295 2867 383 2931 gere,
398 2867 502 2947 neque
514 2867 645 2910 erenum
664 2846 699 2910 in
715 2843 934 2912 multitudinis
947 2846 1194 2935 adpelletionem
1207 2867 1342 2914 eonver-

254 2943 278 2974 ‘⁶
295 2943 364 2996 tere
376 2953 536 3022 posumus
548 2932 681 2997 t”-Ee
692 2930 774 2997 Gell.
795 2931 845 3009 19,
857 2931 888 2996 8.
1162 2957 1169 2966 ’

299 3114 410 3201 Atque
431 3113 476 3189 id,
522 3111 587 3178 uod
603 3137 624 3178 a
638 3113 678 3178 C.
696 3113 835 3192 Cessare,
850 3113 1035 3180 excellentis
1053 3113 1171 3204 ingenii
1185 3139 1223 3180 ac
1235 3117 1344 3206 provi-

255 3201 372 3268 dentiae
399 3199 463 3283 (ita
490 3135 635 3274 deam,-
665 3199 853 3264 Macrobius
895 3201 1064 3288 nudentit'e)
1088 3204 1159 3268 viro
1182 3203 1214 3266 in
1235 3205 1343 3290 primo

213 3363 218 3372 ι
255 3287 297 3353 de
314 3286 483 3372 Analogia
508 3285 593 3351 libro
612 3284 767 3373 scriptum
792 3298 851 3362 est,
873 3223 969 3380 debe
982 3310 1106 3388 semper
1131 3288 1162 3354 in
1188 3292 1345 3356 memoris.

254 3385 354 3463 atque
370 3372 403 3437 in
417 3382 561 3460 pectere,
577 3382 601 3412 “
616 3383 655 3436 ut
665 3384 831 3458 tamquam
845 3397 898 3438 sco
922 3373 1012 3439 ulum
1027 3397 1071 3442 slc
1090 3374 1196 3463 fugias
1216 3375 1343 3441 inaudi-

256 3473 368 3525 “tum
388 3470 488 3609 nltque
508 3458 641 3525 insolens
655 3458 868 3524 verbum.”-
898 3481 922 3524 c
937 3459 1017 3526 Gett.
1036 3462 1064 3536 l,
1083 3461 1133 3540 10,
1149 3471 1180 3527 et
1194 3463 1343 3530 Macron

257 3547 387 3613 Satara.
424 3548 481 3619 ‚5.

557 3738 560 3743 ’
673 3727 733 3795 EX
756 3728 842 3795 LIB.
866 3731 911 3799 ΙΙ.

259 3907 298 3972 C.
316 3906 442 3970 Gnsns
466 3901 499 3966 in
519 3899 604 3966 libro
617 3901 658 3965 de
669 3901 840 3988 Anatogta
853 3905 1004 3983 secundo,
1024 3907 1122 3998 hujus
1133 3909 1188 3975 die
1200 3921 1235 3976 et
1249 3910 1346 4002 hujus

257 3991 362 4080 specie
374 3988 542 4056 dicendum
556 3989 762 4076 putat-Ea
778 3987 860 4054 Geli.
874 3990 907 4066 9,
924 3992 973 4056 14.

355 4167 477 4231 Exempla
487 4166 544 4216 vide
553 4166 585 4214 de
595 4165 621 4214 b.
633 4164 700 4215 Gau.
712 4170 736 4213 2.
748 4169 788 4216 28.
800 4165 840 4216 M.
851 4169 891 4216 ⁵1.
902 4167 935 4217 11.
945 4173 986 4219 aa.
