2909 4809
221 225 292 300 5⁰0
390 227 433 294 A.
460 223 614 296 HlRTll
633 225 697 298 DE
717 225 871 300 nesto
894 227 1158 302 AFRICANO.

182 457 189 468 .
220 425 313 484 certo
321 411 432 480 animo
445 414 570 495 venire,
582 415 617 484 in
630 443 670 501 eo
681 417 768 496 loeo,
783 443 849 509 quo
862 417 973 509 poullo
984 431 1059 486 ente
1069 413 1341 491 commemoravi,

221 515 299 570 ente
322 527 366 592 op
392 503 481 570 idum
502 505 649 572 constitit
671 531 824 596 suamque
852 507 954 574 aciem
975 506 1113 574 medism
1139 531 1178 572 eo
1205 502 1340 594 oppido

221 590 326 665 texit3
377 604 506 657 extrum
530 591 761 695 sinistrumque
779 603 896 672 cornu,
915 595 973 661 ubi
994 593 1158 684 elephanti
1174 603 1283 668 erant,
1301 591 1338 656 in

223 700 300 745 cons
361 689 399 743 tu
411 679 537 766 putenti
550 678 809 748 edversarionun
824 680 1004 749 constituit.

263 699 457 840 (ἔξω
472 767 541 854 jam
559 788 664 856 prope
684 766 761 830 solis
779 785 927 830 occasum
947 765 1055 844 Qaessr
1069 767 1338 853 empeotsviaeet

222 873 330 940 neque
343 874 385 918 ex
398 875 438 917 eo
456 853 542 927 loco,
566 873 634 950 quo
657 852 859 926 constiterat,
885 851 1072 938 Scipionem
1087 853 1242 940 progredi
1256 874 1337 953 pro-

145 967 149 974 ’
222 940 299 1030 pius
319 959 353 1003 se
375 935 671 1011 animadvertissem
698 935 836 1024 locoque
854 935 956 1024 mag'u
977 961 1010 1003 se
1029 937 1223 1016 defendere,
1240 963 1267 1004 s1
1283 961 1340 1004 res

222 1024 390 1114 coegisset,
410 1045 510 1125 quum
527 1021 562 1088 in
576 1044 693 1112 compo
713 1023 889 1093 comminus
908 1023 1080 1092 consistere
1097 1024 1239 1100 eudere;
1267 1047 1338 1092 non

222 1125 274 1180 est
288 1111 356 1178 viss
370 1121 454 1176 retro
469 1108 603 1198 propius
617 1108 791 1178 accedendi
806 1135 845 1178 eo
866 1110 921 1176 die
937 1109 980 1178 ed
994 1111 1163 1201 oppidum,
1179 1113 1340 1202 quonism

222 1199 271 1268 ibi
309 1195 470 1264 residium
483 1193 607 1286 grande
621 1197 840 1266 Numidarum
853 1222 919 1266 csse
931 1213 1141 1288 cognoverat,
1161 1199 1339 1289 hostesque

224 1222 368 1353 meciiam
380 1283 481 1349 eciem
494 1307 586 1350 susm
598 1283 719 1374 oppido
734 1284 849 1354 texisse
860 1309 869 1362 ;
888 1285 1013 1373 sibique
1024 1287 1152 1354 difficile
1165 1287 1256 1353 fectu
1267 1309 1339 1353 eme

225 1371 399 1448 intellexit,
418 1368 513 1437 simul
534 1382 570 1437 et
588 1371 750 1462 oppidum
773 1396 839 1440 uno
862 1385 1010 1475 tempore
1030 1375 1074 1440 ob
1097 1397 1232 1462 ugnere,
1250 1375 1339 1440 etin

226 1459 296 1530 acie
320 1458 354 1524 in
373 1481 476 1526 cornu
497 1456 615 1527 dextro
636 1481 675 1524 nc
692 1460 822 1526 sinistro
844 1484 885 1526 er
902 1459 1062 1561 iniquiore
1073 1397 1157 1528 Iloco
1174 1483 1340 1550 pugnare,

251 1546 406 1614 reserum
415 1569 518 1636 quum
531 1545 649 1612 milites
662 1569 682 1612 s
695 1570 789 1612 mene
801 1544 868 1612 diei
876 1547 976 1636 jejum
990 1547 1053 1614 sub
1064 1549 1162 1614 ermis
1172 1547 1341 1632 stetissent

225 1570 409 1722 hefstiguti.
453 1633 570 1720 ltaque
587 1632 732 1700 reductis
746 1633 811 1700 suis
826 1633 925 1724 copiis
943 1633 977 1700 in
990 1645 1107 1712 cestre,
1129 1647 1261 1724 postem
1282 1633 1340 1702 die

225 1743 290 1819 pro
316 1719 364 1786 ius
376 1741 489 1786 eorum
502 1720 604 1786 aciem
615 1720 757 1787 instituit
769 1722 979 1811 exporrigere
993 1723 1196 1790 munitiones.

318 1857 326 1873 .
352 1804 489 1872 Interim
504 1805 685 1883 Considius,
708 1809 768 1895 qui
789 1807 952 1874 Achillem
971 1821 1046 1876 octo
1069 1809 1259 1877 cohortibus
1282 1807 1342 1874 sti·

227 1893 405 1986 pendnriis
429 1892 581 1961 Numidis
603 1896 805 1984 Gaetulisque
830 1894 1012 1971 obsidebat,
1038 1897 1097 1964 ubi
1125 1895 1164 1962 C.
1198 1895 1342 1962 Messius

226 1981 419 2050 cohortibus
447 1993 598 2070 praeerat,
627 1980 687 2048 diu
713 1983 918 2071 multumque
947 1995 1112 2072 expertus,
1148 1983 1341 2071 magnisque

227 2067 386 2158 operibus
404 2093 446 2134 sae
513 2067 663 2147 admotis,
682 2083 718 2136 et
742 2071 780 2136 iis
801 2070 844 2137 ab
871 2069 1042 2160 oppidanis
1066 2065 1211 2146 incensis,
1237 2093 1342 2158 quum

228 2153 404 2246 proficeret
418 2093 510 2231 nihil,
523 2157 634 2224 subito
648 2157 768 2225 nuncio
780 2158 822 2225 de
836 2157 978 2247 equestri
1017 2155 1110 2224 roslio
1122 2157 1233 2224 adlato
1254 2181 1343 2223 corrr-

231 2254 353 2320 rnotus,
375 2241 551 2321 frumento,
575 2243 667 2332 cujus
680 2244 713 2311 in
727 2244 840 2312 cestris
859 2269 897 2312 co
924 2244 985 2310 iam
1070 2255 1176 2322 uerat,
1200 2245 1341 2319 incenso,

229 2328 317 2405 vino,
344 2327 429 2405 oleo,
453 2329 635 2418 ceterisque
658 2333 766 2410 rebus,
784 2355 858 2433 quae
943 2332 1066 2398 victum
1090 2329 1198 2420 parari
1220 2331 1342 2406 solent,

232 2414 413 2566 conruptis,
429 2415 604 2493 Achillem,
650 2441 726 2484 uem
741 2417 922 2492 obsidebat,
937 2417 1080 2482 deseruit
1098 2429 1210 2506 atque,
1225 2417 1343 2484 itinere

234 2523 297 2572 ner
360 2525 480 2587 egnum
508 2503 530 2568 J
533 2503 606 2569 ube
685 2515 733 2580 to,
762 2504 871 2594 copiae
898 2525 972 2569 oum
1004 2503 1155 2592 Scipione
1185 2505 1342 2592 partitus,

235 2587 456 2656 Adrumetum
469 2613 503 2654 se
516 2589 650 2678 recepit.

279 2672 335 2742 44.
360 2672 491 2743 luteres
510 2697 552 2741 ex
568 2674 708 2743 secmdo
727 2684 920 2752 commeatu,
940 2697 1038 2766 quem
1051 2698 1072 2742 a
1085 2675 1197 2744 Sicilie
1211 2677 1344 2744 miserm

273 2877 330 2932 Quo
345 2891 375 2940 ρ.
397 2881 456 2926 onte
475 2878 678 2926 commemoravi.
715 2871 768 2924 Alii
851 2873 885 2926 ln
904 2888 990 2926 com.
1023 2873 1076 2926 Alii
1092 2891 1180 2926 cornu.
1214 2877 1279 2928 ldox
1295 2893 1345 2942 pm

237 2957 316 3009 quen
334 2941 376 2990 vel
390 2941 468 3004 quod,
486 2943 531 2990 scd
550 2940 613 2991 boni
629 2940 704 2990 codd.
721 2955 770 3004 quo
816 2954 848 2990 ec
858 2943 980 3003 iniquim
991 2939 1038 2990 elii
1051 2949 1074 2990 et
1084 2943 1146 3006 tss'q.
1156 2941 1289 2993 veleteae'
1312 2948 1318 2958 “
1337 2979 1344 2992 .

240 3004 562 3072 perGrsecsmuntiptosin,
573 3004 769 3070 cujusexenrple
852 3005 992 3055 Considius.
1002 3021 1026 3054 c.
1038 3005 1077 3053 83.
1090 3005 1157 3054 unde
1169 3007 1275 3072 patebit,
1285 3023 1320 3056 vu
1332 3033 1344 3048 ·

241 3073 303 3121 dent
313 3069 395 3120 Senot.
405 3079 432 3119 et
443 3069 557 3119 Perizon.
575 3071 601 3120 in
618 3069 727 3119 Mincrr.
745 3073 771 3130 4,
817 3083 850 3134 go
861 3069 1000 3134 mslelegi,
1009 3071 1135 3120 Achillam
1143 3080 1167 3122 et
1178 3079 1228 3123 octo
1236 3075 1345 3125 cohortes

245 3135 770 3194 12.Usuusddoexl>tsut0orc.s,4s.
815 3135 997 3199 stipendiarias.
1016 3136 1053 3184 M.
1085 3134 1206 3186 Correxit
1222 3138 1313 3188 Deris.
1328 3153 1345 3186 e

243 3204 419 3266 Intumuere
446 3205 586 3272 “riman
596 3216 663 3250 cum.
695 3199 770 3248 Cous.
817 3201 894 3248 codd.
924 3199 1088 3264 surreperet
1100 3203 1152 3265 leg.
1167 3203 1344 3252 cohortibus&

242 3276 270 3317 ct
281 3269 376 3316 Parcus
386 3265 413 3315 in
423 3216 489 3315 ier.
499 3265 583 3318 l’lsnt.
599 3273 626 3315 et
641 3272 695 3316 not.
710 3279 771 3315 mox
818 3265 995 3329 stipendiariis.

242 3333 312 3382 cdo.
323 3335 365 3381 96.
857 3331 903 3380 Uht'
921 3333 948 3380 0.
966 3331 1261 3396 Μευίυεοοὴφνωηω.
1279 3331 1343 3408 Leg.

181 3419 186 3425 ·
281 3399 345 3446 Ante
353 3394 473 3472 efflue
482 3399 597 3454 comit,
610 3409 660 3447 non
671 3395 756 3448 Cesar
763 3413 772 3458 ;
818 3395 863 3446 obt
875 3397 903 3444 G.
914 3396 1017 3446 Messius
1027 3405 1142 3460 praeut.
1159 3396 1292 3462 Quidquid
1303 3399 1344 3448 hu

244 3463 291 3512 sed
302 3460 402 3524 Scipio.
418 3458 459 3508 Cf.
469 3476 493 3510 c.
505 3464 547 3509 ts.
569 3461 616 3510 Est
625 3477 684 3526 ergo
692 3461 772 3526 scrip·
820 3461 847 3509 in
858 3461 931 3509 codd.
941 3460 1050 3521 additur,
1060 3469 1097 3512 est
1107 3461 1271 3526 interpolatio
1282 3481 1288 3511 ε
1299 3465 1344 3513 ed·

244 3525 309 3577 toris
318 3523 484 3590 negligentis,
501 3526 571 3590 quod
583 3541 634 3576 non
650 3527 773 3576 setisdis·
820 3525 982 3575 ditursutem
993 3525 1041 3588 sic,
1051 3535 1079 3575 ut
1090 3527 1131 3578 rel
1141 3529 1183 3577 uli
1199 3531 1230 3579 C.
1247 3529 1286 3577 Μ.
1303 3546 1343 3579 co·

245 3591 332 3651 tinxit,
348 3590 497 3640 nominibus
513 3590 646 3652 cddendis,
667 3592 700 3641 de
719 3608 772 3655 quo
820 3591 929 3641 hortibus
936 3607 987 3655 pr..
998 3593 1091 3642 veludi
1100 3595 1131 3642 C.
1148 3593 1186 3642 Μ.
1204 3603 1279 3656 purte
1290 3598 1344 3644 Ca·

245 3657 360 3724 quidque
376 3655 509 3705 dicerem.
549 3656 599 3704 Sed
617 3656 680 3706 telis
700 3658 774 3721 pluro
819 3659 885 3706 soris
895 3655 1032 3706 cohortibus
1038 3665 1147 3721 prtem
1159 3659 1345 3722 mirionis·

248 3731 309 3772 runt
316 3729 342 3771 et
352 3721 379 3771 in
389 3723 439 3771 hoc
450 3720 518 3770 libro
528 3727 554 3769 et
563 3720 636 3771 stibi.
655 3723 693 3770 Μ.
725 3721 775 3772 ln-
820 3725 863 3780 ets,
870 3721 959 3770 velubr'
970 3723 1108 3772 &Messius
1116 3725 1161 3786 qul
1167 3725 1219 3773 coh.
1227 3733 1346 3787 mm,

246 3801 341 3838 eunom
356 3785 472 3852 subpleri
485 3785 560 3851 jubet
575 3786 665 3836 Clsdre
675 3786 730 3836 sicr
747 3796 775 3838 ot
821 3785 928 3850 legetur.
943 3785 1109 3850 Compsretur
1116 3789 1193 3836 modo
1201 3803 1262 3852 cep.
1271 3793 1312 3850 ³³,
1321 3799 1346 3838 et

246 3853 366 3902 ι’ῑὶιῡιοο
376 3855 434 3902 loco.
468 3851 587 3911 Rectius,
598 3852 707 3902 litterula
717 3867 774 3902 mu·
821 3850 959 3915 edpeoebit,
976 3850 1022 3899 ille
1037 3867 1093 3900 esse
1108 3853 1257 3903 adsumente
1267 3855 1341 3906 inter·

247 3923 311 3976 tete,
324 3917 441 3966 Oudend.
450 3920 473 3966 s'c
486 3933 514 3966 eo
531 3919 590 3968 loco.
623 3917 665 3966 ste
681 3917 774 3967 vitium
822 3917 973 3982 pretentium
984 3916 1140 3980 marginalis.
1158 3919 1195 3966 Μ.

250 3995 302 4030 nos
314 3980 458 4041 Hirtii,sed
469 3981 630 4031 librariorum
637 3983 775 4033 esseride·
857 3981 1136 4034 Actium-deremet.
1174 3981 1278 4037 Video
1289 3999 1345 4050 cup

251 4051 327 4094 toret
336 4047 408 4098 locus
417 4047 465 4096 erit
475 4055 583 4096 mustus.
825 4049 865 4097 tt.
882 4048 920 4096 Μ.

253 4111 411 4228 dm
423 4112 487 4163 uec
506 4127 559 4164 vox
578 4112 604 4164 in
623 4111 778 4179 quibusdem
862 4115 972 4178 Recepit.
997 4111 1155 4180 Aliirecr'pr't.
