2909 4809
428 312 515 384 ure.
539 312 635 414 vui.
681 316 785 385 cur.
807 314 948 385 ss-se
1158 313 1227 385 245

97 530 102 541 ›
131 499 301 603 seperiora
310 501 498 606 capiuntur.
527 501 626 585 Quod
641 501 698 605 ubi
712 500 841 604 caudit,
856 500 1008 604 Germani
1023 500 1227 609 equitesque,

97 724 102 729 ,
130 589 492 744 “tll‘ffi'ltt’
516 589 1228 744 tlttltlltmlttlllltlltllttll?

130 699 189 827 iit
203 762 318 852 captis,
332 700 451 853 migne
463 702 571 852 piemon
586 722 782 853 potiuntiir:
807 700 935 853 capillis
960 762 1028 853 ipse
1051 784 1090 829 eo
1108 724 1228 851 proeliti
1246 740 1250 749 ⁴

132 849 419 1013 Dilalipgininius,
441 923 618 1014 felicissime
639 950 794 1028 regesta,
820 936 887 1003 sine
910 934 980 1003 ullo
1003 957 1092 1027 pene
1114 934 1229 1003 militis

131 1021 278 1103 vulnere,
302 1022 345 1089 ed
373 1022 563 1091 obsidendos
591 1022 995 1113 oppidanosrevertitun
1029 1034 1229 1124 externoque
1331 1070 1335 1085 .
1388 1050 1391 1061 Δ

131 1101 358 1187 hostedeleto,
383 1112 474 1201 cujus
497 1112 613 1177 timore
637 1123 733 1177 antea
753 1134 872 1199 augere
899 1108 1045 1199 praesidia
1067 1119 1102 1175 et
1124 1130 1227 1175 munr-

130 1196 220 1261 tione
234 1197 410 1287 oppidanos
425 1196 621 1265 circumdare
641 1196 824 1288 prohibitus
851 1210 934 1274 erat,
962 1221 1062 1287 opera
1084 1193 1227 1283 undique

130 1280 272 1371 imperat
285 1284 512 1351 administrari.
552 1283 652 1351 Venit
667 1286 779 1351 eodem
793 1308 868 1350 cum
887 1284 951 1351 suis
971 1282 1070 1373 copiis
1093 1287 1225 1371 postero

130 1366 184 1434 die
201 1370 242 1435 0.
259 1370 379 1437 Fabius
390 1383 518 1460 partem
541 1395 581 1437 ue
597 1370 712 1461 oppidi
722 1370 820 1437 sumit
834 1368 876 1437 ed
891 1369 1112 1438 obsidendum.

174 1456 235 1525 38..
254 1458 361 1525 Cesar
377 1457 508 1525 interim
567 1505 575 1522 .
592 1458 770 1525 Antonium
794 1458 996 1535 Quaestorem
1017 1479 1091 1523 cnm
1112 1452 1228 1522 cohor·

132 1542 223 1624 tibus
236 1543 301 1611 XV
316 1544 349 1609 in
364 1544 545 1613 Bellovacis
557 1544 700 1634 reliquit,
715 1568 756 1611 ne
770 1567 838 1631 qua
857 1568 967 1617 rursus
981 1561 1138 1610 novorum
1151 1566 1229 1609 con-

130 1628 278 1696 siliorum
289 1630 332 1696 ad
343 1632 536 1722 capiendum
551 1632 675 1697 bellum
689 1631 826 1697 facultas
838 1628 990 1698 daretur:
1007 1630 1074 1719 ipse
1086 1628 1230 1730 reliquas

130 1714 280 1783 civitates
311 1717 393 1795 adit,
427 1719 552 1787 obsides
588 1717 697 1808 plures
730 1718 878 1807 imperat,
908 1718 1057 1807 timentes
1085 1737 1228 1781 omnrum

129 1802 254 1869 animos
288 1806 503 1875 consolatione
529 1819 632 1873 sanat.
687 1806 796 1883 Quum
831 1805 864 1870 iu
895 1804 1055 1871 Carnutes
1075 1800 1227 1882 venisset,

131 1911 273 1977 quorum
297 1893 430 1960 consilio
452 1894 486 1959 in
512 1893 643 1959 civitate
671 1890 837 1981 superiore
863 1887 1091 1958 commentario
1118 1888 1228 1955 Caesar

130 1976 282 2065 exposuit
296 1976 423 2045 initium
437 1978 517 2046 belli
532 2003 598 2046 esse
616 1990 736 2055 ortum,
752 1976 840 2066 quod
852 1978 1011 2067 praecipue
1024 1999 1077 2043 eos
1092 1985 1229 2065 propter

131 2062 361 2129 conscientiam
387 2066 466 2131 lacti
492 2064 605 2131 timere
630 2066 774 2131 animum
796 2063 987 2131 advertebat
1010 2086 1076 2151 quo
1092 2060 1228 2127 celerius

130 2148 297 2215 civitatem
311 2163 401 2217 metu
416 2152 583 2228 liberaret,
626 2150 782 2241 riucipem
797 2150 923 2217 sceleris
937 2148 1024 2217 illius
1038 2160 1073 2215 et
1088 2146 1229 2215 concita-

130 2235 342 2316 torembelli,
358 2238 571 2314 Gutruatum,
637 2240 698 2305 snb
723 2237 832 2303 licium
843 2236 1009 2326 deposcit:
1034 2234 1102 2323 qui,
1117 2234 1230 2299 etsiue

131 2320 258 2389 civibus
272 2321 404 2410 quidem
418 2325 482 2389 suis
495 2349 528 2391 se
543 2324 708 2406 committe
753 2337 780 2399 t,
793 2336 900 2390 tamen
911 2323 1071 2397 celeriter,
1085 2320 1230 2386 omnium

132 2432 214 2475 cura
252 2408 392 2485 ueritus,
407 2410 440 2475 in
455 2423 561 2477 castra
573 2408 778 2499 perducitur.
815 2410 956 2497 Cogitur
978 2408 1011 2475 in
1024 2408 1093 2497 ejus
1106 2406 1229 2497 subpli-

131 2494 220 2561 cium
265 2518 345 2562 aesar
359 2507 473 2563 contra
485 2508 634 2561 naturam
649 2519 752 2572 suam,
764 2494 1230 2571 maximomilitumconcursu,
1321 2562 1328 2569 ‚

133 2582 195 2669 qui
210 2580 241 2646 ei
254 2581 362 2648 omnia
374 2582 517 2671 pericula
525 2596 559 2648 et
568 2581 762 2649 detrimenta
773 2581 892 2657 belli,a
904 2582 1070 2647 Gutruato
1083 2591 1230 2667 accepta,
1262 2584 1266 2591 '

135 2666 335 2818 pelerebaut,
364 2668 445 2735 adeo
471 2681 510 2735 ut
537 2667 726 2735 verberibus
752 2668 967 2735 exanimatum
987 2690 1106 2756 corpus
1126 2665 1231 2733 securi

148 2766 308 2907 elllllenlbi
321 2840 445 2908 crebris
459 2840 576 2908 litteris
586 2840 713 2909 Caninii
726 2839 766 2907 fit
779 2840 908 2917 certior,
925 2860 998 2929 quae
1009 2835 1050 2903 de
1061 2835 1230 2929 Drappete

133 2938 169 2993 et
189 2926 345 2993 Lucterio
359 2939 452 3016 gesta
467 2942 583 3006 essent,
598 2952 729 3017 quoque
743 2928 776 2995 in
790 2926 920 2994 consilio
975 2937 1158 2992 rmanerent
1171 2950 1230 3016 op·

134 3014 254 3103 pidani.
302 3015 451 3092 Quorum
465 3015 525 3081 etsi
548 3016 747 3105 paucitatem
766 3028 931 3081 contemne
956 3024 1003 3090 at,
1029 3025 1137 3079 tamen
1157 3036 1232 3107 perf

133 3101 285 3169 tinaciam
323 3124 442 3191 magna
481 3124 577 3192 poena
612 3127 678 3169 esse
717 3100 925 3169 adficiendam
959 3098 1151 3190 judicabat;
1189 3120 1230 3176 ne

171 3335 455 3400 &montemque
476 3332 506 3384 'tl
516 3350 566 3401 ow
575 3334 662 3388 omisit
710 3344 737 3387 et
748 3334 891 3401 plerisque3
906 3344 932 3387 et
943 3334 1027 3385 turbat
1037 3348 1145 3385 senam

137 3399 260 3463 Scaliger.
499 3452 503 3464 ,
707 3400 800 3461 Daris.
810 3409 837 3451 et
847 3400 933 3451 Clark.
943 3406 1010 3451 recto
1019 3400 1181 3451 sustulerunt.
1223 3436 1231 3451 .

172 3465 245 3528 Coos.
254 3466 370 3515 cobortes.
389 3461 436 3513 alii
445 3466 541 3516 &dunt
552 3483 645 3517 murres.
711 3466 863 3526 Secutast,
874 3472 898 3515 2.

171 3530 274 3591 Ascqere
313 3530 444 3593 presidia,
482 3530 662 3595 multiplicare,
707 3584 711 3589 ,
747 3533 911 3583 mmmmm.
951 3528 1025 3581 Conl-
1042 3529 1102 3591 M,
1117 3528 1164 3578 ubl
1179 3530 1231 3579 (luo

139 3594 231 3644 multia
249 3594 275 3643 iu
296 3593 361 3644 locis
385 3608 489 3657 ponere,
511 3595 617 3659 siugulis
636 3596 662 3645 iu
709 3604 825 3645 auctores
836 3594 898 3646 belli
908 3594 1078 3656 nominantur,
1093 3594 1231 3644 redrullus

141 3658 208 3709 locis
229 3656 332 3722 singula
352 3674 456 3723 ponere.
474 3660 545 3709 cte.
557 3666 662 3714 8⁴extr.
712 3660 855 3721 Gutrustur,
874 3660 947 3725 cujus
967 3674 1059 3711 nomen
1078 3659 1231 3709 h-Lterto·

140 3722 185 3773 Sic
197 3723 257 3773 libri
266 3722 349 3785 boui3
366 3723 586 3787 sedplureslibri,
595 3735 621 3776 et
635 3724 662 3775 in
712 3741 773 3790 pere
810 3724 928 3785 varietur,
958 3734 987 3775 ut
1009 3732 1055 3774 aut
1078 3723 1231 3785 nesciamus,

139 3788 271 3838 bisetium
281 3787 354 3847 boni,
370 3788 466 3837 habent
475 3790 586 3841 illesam
594 3794 663 3851 (oer·
710 3792 786 3853 quele
795 3790 898 3840 Hirtius*
905 3789 1041 3855 scripserit,
1049 3797 1095 3841 aut
1103 3789 1129 3840 in
1139 3792 1231 3841 com·

132 3855 330 3916 ,thilenhqsod
338 3854 429 3903 eodem
438 3854 510 3903 redit.
521 3856 559 3905 M.
576 3856 664 3906 νόου·
712 3864 754 3905 ωε
763 3858 910 3906 mutandum
922 3856 963 3905 rit.
981 3856 1019 3905 M.

139 3917 413 3981 hmmeteapraemisit
424 3916 598 3970 Ounecodd.
746 3919 1124 3985 Peramcoratiiproauater.

175 3983 363 4047 Goplevelmm
377 3985 470 4057 Belpt’s.
495 3982 547 4034 Pro
559 3986 664 4037 hisrur·
706 3978 711 3989 ’
748 3988 908 4035 Acurnato
919 3994 1030 4063 occepta,
1038 3987 1085 4050 ref.
1101 3985 1143 4036 Sic
1154 3984 1229 4037 codd.

131 4048 248 4097 ,maduo
259 4046 319 4098 libri
335 4046 428 4111 opum
447 4047 553 4111 habent,
570 4053 606 4101 orl
622 4068 664 4101 ca·
713 4050 759 4099 Ast
775 4049 861 4100 stis.
878 4050 956 4099 deleri
970 4050 1042 4116 Jubet
1055 4050 1081 4099 sl
1092 4069 1109 4102 a
1119 4059 1144 4101 et
1163 4066 1229 4117 prse-

136 4114 260 4174 pr‘esrduus
286 4114 388 4163 Μαι.
414 4114 453 4163 Μ.
487 4114 584 4181 Recepi
605 4132 665 4165 cum
712 4116 804 4164 cedens
814 4118 845 4166 εἰ,
862 4114 968 4164 Secutus
978 4122 1016 4165 est
1024 4114 1124 4167 Clarlre.

140 4174 210 4227 Oud.
346 4218 353 4229 .
588 4179 592 4188 “
749 4180 1230 4255 cuam-pereanem,quaeiisee-

175 4244 407 4296 cumconsilio.
432 4243 511 4293 Deest
523 4245 624 4294 emollio
637 4242 663 4294 in
712 4242 843 4295 cidisseut.
864 4244 991 4297 llsrtatius
1005 4244 1068 4307 dici,
1084 4249 1145 4310 qua
1157 4250 1229 4307 della

140 4306 214 4365 codd.
224 4322 276 4365 oon
282 4309 362 4361 modo
371 4306 609 4375 antiqnisetbonis,
620 4311 664 4360 sed
708 4310 887 4377 scoeumesm,
897 4310 1128 4371 moruitClsrkius.
1144 4314 1183 4371 Μ.
