<?xml version="1.0" encoding="UTF-8"?>
<!DOCTYPE html PUBLIC "-//W3C//DTD XHTML 1.0 Transitional//EN"
    "http://www.w3.org/TR/xhtml1/DTD/xhtml1-transitional.dtd">
<html xmlns="http://www.w3.org/1999/xhtml" xml:lang="en" lang="en">
 <head>
  <title>
</title>
<meta http-equiv="Content-Type" content="text/html;charset=utf-8" />
  <meta name='ocr-system' content='tesseract 3.04.00' />
  <meta name='ocr-capabilities' content='ocr_page ocr_carea ocr_par ocr_line ocrx_word'/>
</head>
<body>
  <div class='ocr_page' id='page_1' title='image "./cjuliicaesarisc00obergoog/cjuliicaesarisc00obergoog_0136.png"; bbox 0 0 2909 4809; ppageno 0'>
   <div class='ocr_carea' id='block_1_1' title="bbox 245 264 1068 363">
    <p class='ocr_par' dir='ltr' id='par_1_1' title="bbox 245 264 1068 363">
     <span class='ocr_line' id='line_1_1' title="bbox 245 264 1068 363; baseline -0.013 0"><span class='ocrx_word' id='word_1_1' title='bbox 245 264 290 363; x_wconf 82' lang='lat' dir='ltr'>as</span> <span class='ocrx_word' id='word_1_2' title='bbox 453 304 469 331; x_wconf 87' lang='lat'>·-</span> <span class='ocrx_word' id='word_1_3' title='bbox 547 282 611 353; x_wconf 81' lang='lat' dir='ltr'>ns</span> <span class='ocrx_word' id='word_1_4' title='bbox 633 282 787 353; x_wconf 81' lang='lat' dir='ltr'>annno</span> <span class='ocrx_word' id='word_1_5' title='bbox 809 282 1029 353; x_wconf 70' lang='lat' dir='ltr'>eunuco.</span> <span class='ocrx_word' id='word_1_6' title='bbox 1064 326 1068 339; x_wconf 86' lang='lat'>.</span> 
     </span>
    </p>
   </div>
   <div class='ocr_carea' id='block_1_2' title="bbox 226 465 1349 2554">
    <p class='ocr_par' dir='ltr' id='par_1_2' title="bbox 236 465 1349 1084">
     <span class='ocr_line' id='line_1_2' title="bbox 238 465 1349 563; baseline -0.007 -22"><span class='ocrx_word' id='word_1_7' title='bbox 238 472 320 545; x_wconf 86' lang='lat' dir='ltr'>mins</span> <span class='ocrx_word' id='word_1_8' title='bbox 334 465 485 548; x_wconf 77' lang='lat' dir='ltr'>Atrebas,</span> <span class='ocrx_word' id='word_1_9' title='bbox 499 470 541 539; x_wconf 88' lang='lat' dir='ltr'>ds</span> <span class='ocrx_word' id='word_1_10' title='bbox 554 496 620 563; x_wconf 92' lang='lat' dir='ltr'>quo</span> <span class='ocrx_word' id='word_1_11' title='bbox 631 472 841 546; x_wconf 82' lang='lat' dir='ltr'>antedictum</span> <span class='ocrx_word' id='word_1_12' title='bbox 858 486 917 550; x_wconf 86' lang='lat' dir='ltr'>est,</span> <span class='ocrx_word' id='word_1_13' title='bbox 932 496 1036 541; x_wconf 80' lang='lat' dir='ltr'>secum</span> <span class='ocrx_word' id='word_1_14' title='bbox 1050 478 1349 561; x_wconf 71' lang='lat' dir='ltr'>transportaverat,</span> 
     </span>
     <span class='ocr_line' id='line_1_3' title="bbox 239 557 1346 653; baseline -0.007 -24"><span class='ocrx_word' id='word_1_15' title='bbox 239 562 381 653; x_wconf 77' lang='lat' dir='ltr'>legiones</span> <span class='ocrx_word' id='word_1_16' title='bbox 409 559 441 625; x_wconf 92' lang='lat' dir='ltr'>in</span> <span class='ocrx_word' id='word_1_17' title='bbox 471 560 540 627; x_wconf 87' lang='lat' dir='ltr'>acie</span> <span class='ocrx_word' id='word_1_18' title='bbox 571 584 632 653; x_wconf 89' lang='lat' dir='ltr'>pro</span> <span class='ocrx_word' id='word_1_19' title='bbox 656 561 768 628; x_wconf 85' lang='lat' dir='ltr'>castris</span> <span class='ocrx_word' id='word_1_20' title='bbox 794 562 969 627; x_wconf 84' lang='lat' dir='ltr'>constituit.</span> <span class='ocrx_word' id='word_1_21' title='bbox 1016 562 1191 627; x_wconf 79' lang='lat' dir='ltr'>Commisso</span> <span class='ocrx_word' id='word_1_22' title='bbox 1213 557 1346 652; x_wconf 74' lang='lat' dir='ltr'>prestio,</span> 
     </span>
     <span class='ocr_line' id='line_1_4' title="bbox 237 648 1348 742; baseline -0.006 -29"><span class='ocrx_word' id='word_1_23' title='bbox 237 648 359 713; x_wconf 87' lang='lat' dir='ltr'>diutius</span> <span class='ocrx_word' id='word_1_24' title='bbox 371 660 551 713; x_wconf 83' lang='lat' dir='ltr'>nostrorum</span> <span class='ocrx_word' id='word_1_25' title='bbox 561 649 702 715; x_wconf 86' lang='lat' dir='ltr'>&#39;militum</span> <span class='ocrx_word' id='word_1_26' title='bbox 713 648 856 742; x_wconf 89' lang='lat' dir='ltr'>inpetum</span> <span class='ocrx_word' id='word_1_27' title='bbox 870 648 975 714; x_wconf 88' lang='lat' dir='ltr'>hostes</span> <span class='ocrx_word' id='word_1_28' title='bbox 988 648 1073 719; x_wconf 81' lang='lat' dir='ltr'>ferre</span> <span class='ocrx_word' id='word_1_29' title='bbox 1087 670 1148 713; x_wconf 90' lang='lat' dir='ltr'>non</span> <span class='ocrx_word' id='word_1_30' title='bbox 1165 654 1348 741; x_wconf 87' lang='lat' dir='ltr'>potuerunt</span> 
     </span>
     <span class='ocr_line' id='line_1_5' title="bbox 238 736 1347 837; baseline -0.006 -36"><span class='ocrx_word' id='word_1_31' title='bbox 238 758 275 801; x_wconf 82' lang='lat' dir='ltr'>ac</span> <span class='ocrx_word' id='word_1_32' title='bbox 291 748 343 801; x_wconf 88' lang='lat' dir='ltr'>ter</span> <span class='ocrx_word' id='word_1_33' title='bbox 398 746 580 801; x_wconf 86' lang='lat' dir='ltr'>verterunt.</span> <span class='ocrx_word' id='word_1_34' title='bbox 620 737 709 813; x_wconf 83' lang='lat' dir='ltr'>Quos</span> <span class='ocrx_word' id='word_1_35' title='bbox 723 748 815 801; x_wconf 84' lang='lat' dir='ltr'>tanto</span> <span class='ocrx_word' id='word_1_36' title='bbox 829 736 932 830; x_wconf 85' lang='lat' dir='ltr'>spatio</span> <span class='ocrx_word' id='word_1_37' title='bbox 945 737 1059 813; x_wconf 85' lang='lat' dir='ltr'>secuti,</span> <span class='ocrx_word' id='word_1_38' title='bbox 1072 746 1228 837; x_wconf 86' lang='lat' dir='ltr'>quantum</span> <span class='ocrx_word' id='word_1_39' title='bbox 1245 750 1347 797; x_wconf 75' lang='lat' dir='ltr'>cursu</span> 
     </span>
     <span class='ocr_line' id='line_1_6' title="bbox 238 756 1346 913; baseline -0.007 -25"><span class='ocrx_word' id='word_1_40' title='bbox 238 834 272 888; x_wconf 91' lang='lat' dir='ltr'>et</span> <span class='ocrx_word' id='word_1_41' title='bbox 293 756 417 887; x_wconf 57' lang='lat' dir='ltr'>viridas</span> <span class='ocrx_word' id='word_1_42' title='bbox 437 822 564 889; x_wconf 81' lang='lat' dir='ltr'>efficere</span> <span class='ocrx_word' id='word_1_43' title='bbox 590 834 782 913; x_wconf 87' lang='lat' dir='ltr'>potuerunt,</span> <span class='ocrx_word' id='word_1_44' title='bbox 806 846 875 889; x_wconf 84' lang='lat' dir='ltr'>com</span> <span class='ocrx_word' id='word_1_45' title='bbox 900 823 986 889; x_wconf 84' lang='lat' dir='ltr'>iures</span> <span class='ocrx_word' id='word_1_46' title='bbox 1012 846 1052 889; x_wconf 80' lang='lat' dir='ltr'>ex</span> <span class='ocrx_word' id='word_1_47' title='bbox 1078 822 1115 889; x_wconf 85' lang='lat' dir='ltr'>ris</span> <span class='ocrx_word' id='word_1_48' title='bbox 1135 816 1346 891; x_wconf 55' lang='lat' dir='ltr'>occidentem</span> 
     </span>
     <span class='ocr_line' id='line_1_7' title="bbox 236 902 1345 1005; baseline -0.007 -30"><span class='ocrx_word' id='word_1_49' title='bbox 236 908 366 985; x_wconf 89' lang='lat' dir='ltr'>deinde,</span> <span class='ocrx_word' id='word_1_50' title='bbox 396 908 542 975; x_wconf 88' lang='lat' dir='ltr'>omnibus</span> <span class='ocrx_word' id='word_1_51' title='bbox 569 908 665 999; x_wconf 79' lang='lat' dir='ltr'>longe</span> <span class='ocrx_word' id='word_1_52' title='bbox 690 908 822 1005; x_wconf 76' lang='lat' dir='ltr'>iateque</span> <span class='ocrx_word' id='word_1_53' title='bbox 894 908 987 977; x_wconf 82' lang='lat' dir='ltr'>dictis</span> <span class='ocrx_word' id='word_1_54' title='bbox 1012 909 1220 1004; x_wconf 80' lang='lat' dir='ltr'>incensisque,</span> <span class='ocrx_word' id='word_1_55' title='bbox 1245 928 1280 969; x_wconf 88' lang='lat' dir='ltr'>se</span> <span class='ocrx_word' id='word_1_56' title='bbox 1309 902 1345 971; x_wconf 91' lang='lat' dir='ltr'>in</span> 
     </span>
     <span class='ocr_line' id='line_1_8' title="bbox 236 1008 562 1084; baseline -0.006 -24"><span class='ocrx_word' id='word_1_57' title='bbox 236 1009 342 1067; x_wconf 79' lang='lat' dir='ltr'>castra</span> <span class='ocrx_word' id='word_1_58' title='bbox 357 1008 562 1084; x_wconf 88' lang='lat' dir='ltr'>receperunt.</span> 
     </span>
    </p>

    <p class='ocr_par' dir='ltr' id='par_1_3' title="bbox 226 1077 1346 1843">
     <span class='ocr_line' id='line_1_9' title="bbox 280 1077 1345 1173; baseline -0.006 -26"><span class='ocrx_word' id='word_1_59' title='bbox 280 1082 334 1147; x_wconf 90' lang='grc'>36.</span> <span class='ocrx_word' id='word_1_60' title='bbox 359 1080 482 1149; x_wconf 81' lang='lat' dir='ltr'>Eodem</span> <span class='ocrx_word' id='word_1_61' title='bbox 506 1080 559 1147; x_wconf 90' lang='lat' dir='ltr'>die</span> <span class='ocrx_word' id='word_1_62' title='bbox 581 1082 693 1173; x_wconf 75' lang='lat' dir='ltr'>legati,</span> <span class='ocrx_word' id='word_1_63' title='bbox 716 1084 760 1148; x_wconf 83' lang='lat' dir='ltr'>ab</span> <span class='ocrx_word' id='word_1_64' title='bbox 781 1082 925 1151; x_wconf 73' lang='lat' dir='ltr'>hostibus</span> <span class='ocrx_word' id='word_1_65' title='bbox 947 1081 1030 1151; x_wconf 85' lang='lat' dir='ltr'>missi</span> <span class='ocrx_word' id='word_1_66' title='bbox 1054 1080 1096 1149; x_wconf 87' lang='lat' dir='ltr'>ad</span> <span class='ocrx_word' id='word_1_67' title='bbox 1121 1082 1277 1150; x_wconf 79' lang='lat' dir='ltr'>Caessrem</span> <span class='ocrx_word' id='word_1_68' title='bbox 1298 1077 1345 1143; x_wconf 87' lang='lat' dir='ltr'>de</span> 
     </span>
     <span class='ocr_line' id='line_1_10' title="bbox 236 1168 1345 1271; baseline -0.005 -36"><span class='ocrx_word' id='word_1_69' title='bbox 236 1190 330 1271; x_wconf 79' lang='lat' dir='ltr'>pace,</span> <span class='ocrx_word' id='word_1_70' title='bbox 346 1182 516 1235; x_wconf 82' lang='lat' dir='ltr'>venerunt.</span> <span class='ocrx_word' id='word_1_71' title='bbox 565 1168 625 1238; x_wconf 82' lang='lat' dir='ltr'>His</span> <span class='ocrx_word' id='word_1_72' title='bbox 641 1170 750 1237; x_wconf 70' lang='lat' dir='ltr'>cesar</span> <span class='ocrx_word' id='word_1_73' title='bbox 769 1192 934 1237; x_wconf 88' lang='lat' dir='ltr'>nnmerum</span> <span class='ocrx_word' id='word_1_74' title='bbox 949 1168 1110 1244; x_wconf 83' lang='lat' dir='ltr'>obsidum,</span> <span class='ocrx_word' id='word_1_75' title='bbox 1157 1188 1229 1233; x_wconf 84' lang='lat' dir='ltr'>uem</span> <span class='ocrx_word' id='word_1_76' title='bbox 1245 1178 1345 1230; x_wconf 80' lang='lat' dir='ltr'>antea</span> 
     </span>
     <span class='ocr_line' id='line_1_11' title="bbox 234 1251 1343 1347; baseline 0.005 -27"><span class='ocrx_word' id='word_1_77' title='bbox 234 1268 466 1345; x_wconf 82' lang='lat' dir='ltr'>rmperavcrat,</span> <span class='ocrx_word' id='word_1_78' title='bbox 489 1254 668 1345; x_wconf 85' lang='lat' dir='ltr'>duplicavit</span> <span class='ocrx_word' id='word_1_79' title='bbox 681 1281 799 1347; x_wconf 85' lang='lat' dir='ltr'>eosque</span> <span class='ocrx_word' id='word_1_80' title='bbox 823 1258 856 1323; x_wconf 90' lang='lat' dir='ltr'>in</span> <span class='ocrx_word' id='word_1_81' title='bbox 871 1258 1086 1325; x_wconf 89' lang='lat' dir='ltr'>continentem</span> <span class='ocrx_word' id='word_1_82' title='bbox 1101 1254 1143 1327; x_wconf 78' lang='lat' dir='ltr'>sd</span> <span class='ocrx_word' id='word_1_83' title='bbox 1169 1254 1217 1319; x_wconf 86' lang='lat' dir='ltr'>aci</span> <span class='ocrx_word' id='word_1_84' title='bbox 1234 1251 1343 1341; x_wconf 74' lang='lat' dir='ltr'>jussit,</span> 
     </span>
     <span class='ocr_line' id='line_1_12' title="bbox 236 1339 1344 1445; baseline -0.004 -38"><span class='ocrx_word' id='word_1_85' title='bbox 236 1340 337 1433; x_wconf 89' lang='lat' dir='ltr'>quod,</span> <span class='ocrx_word' id='word_1_86' title='bbox 353 1342 534 1445; x_wconf 85' lang='lat' dir='ltr'>propinqua</span> <span class='ocrx_word' id='word_1_87' title='bbox 547 1342 600 1408; x_wconf 92' lang='lat' dir='ltr'>die</span> <span class='ocrx_word' id='word_1_88' title='bbox 615 1344 809 1432; x_wconf 78' lang='lat' dir='ltr'>aequinoctii,</span> <span class='ocrx_word' id='word_1_89' title='bbox 833 1342 963 1413; x_wconf 87' lang='lat' dir='ltr'>infirmis</span> <span class='ocrx_word' id='word_1_90' title='bbox 979 1344 1125 1418; x_wconf 85' lang='lat' dir='ltr'>navibus,</span> <span class='ocrx_word' id='word_1_91' title='bbox 1143 1340 1236 1407; x_wconf 87' lang='lat' dir='ltr'>hiemi</span> <span class='ocrx_word' id='word_1_92' title='bbox 1253 1339 1344 1403; x_wconf 85' lang='lat' dir='ltr'>navi-</span> 
     </span>
     <span class='ocr_line' id='line_1_13' title="bbox 236 1428 1344 1523; baseline -0.004 -31"><span class='ocrx_word' id='word_1_93' title='bbox 236 1428 397 1523; x_wconf 79' lang='lat' dir='ltr'>gationem</span> <span class='ocrx_word' id='word_1_94' title='bbox 411 1428 639 1519; x_wconf 76' lang='lat' dir='ltr'>subnciendam</span> <span class='ocrx_word' id='word_1_95' title='bbox 655 1452 717 1497; x_wconf 91' lang='lat' dir='ltr'>non</span> <span class='ocrx_word' id='word_1_96' title='bbox 734 1430 947 1498; x_wconf 74' lang='lat' dir='ltr'>existimabat.</span> <span class='ocrx_word' id='word_1_97' title='bbox 994 1428 1080 1523; x_wconf 84' lang='lat' dir='ltr'>Ipse,</span> <span class='ocrx_word' id='word_1_98' title='bbox 1101 1428 1244 1495; x_wconf 80' lang='lat' dir='ltr'><strong>idoneam</strong></span> <span class='ocrx_word' id='word_1_99' title='bbox 1261 1438 1344 1489; x_wconf 89' lang='lat' dir='ltr'>tem·</span> 
     </span>
     <span class='ocr_line' id='line_1_14' title="bbox 226 1512 1344 1613; baseline -0.007 -31"><span class='ocrx_word' id='word_1_100' title='bbox 226 1527 399 1605; x_wconf 80' lang='lat' dir='ltr'>¹pestutem</span> <span class='ocrx_word' id='word_1_101' title='bbox 416 1530 541 1593; x_wconf 82' lang='lat' dir='ltr'>nactus,</span> <span class='ocrx_word' id='word_1_102' title='bbox 568 1518 679 1613; x_wconf 83' lang='lat' dir='ltr'>paullo</span> <span class='ocrx_word' id='word_1_103' title='bbox 702 1531 776 1607; x_wconf 85' lang='lat' dir='ltr'>post</span> <span class='ocrx_word' id='word_1_104' title='bbox 799 1518 932 1583; x_wconf 89' lang='lat' dir='ltr'>mediam</span> <span class='ocrx_word' id='word_1_105' title='bbox 957 1530 1081 1584; x_wconf 88' lang='lat' dir='ltr'>noctem</span> <span class='ocrx_word' id='word_1_106' title='bbox 1109 1538 1206 1581; x_wconf 83' lang='lat' dir='ltr'>naves</span> <span class='ocrx_word' id='word_1_107' title='bbox 1230 1512 1344 1587; x_wconf 81' lang='lat' dir='ltr'>scivit,</span> 
     </span>
     <span class='ocr_line' id='line_1_15' title="bbox 236 1596 1345 1692; baseline -0.005 -25"><span class='ocrx_word' id='word_1_108' title='bbox 236 1624 309 1692; x_wconf 81' lang='lat' dir='ltr'>quae</span> <span class='ocrx_word' id='word_1_109' title='bbox 319 1624 426 1667; x_wconf 87' lang='lat' dir='ltr'>omnes</span> <span class='ocrx_word' id='word_1_110' title='bbox 439 1603 611 1669; x_wconf 83' lang='lat' dir='ltr'><strong>incolumes</strong></span> <span class='ocrx_word' id='word_1_111' title='bbox 625 1602 666 1669; x_wconf 85' lang='lat' dir='ltr'>ad</span> <span class='ocrx_word' id='word_1_112' title='bbox 677 1605 894 1669; x_wconf 80' lang='lat' dir='ltr'>continentem</span> <span class='ocrx_word' id='word_1_113' title='bbox 910 1614 1145 1691; x_wconf 79' lang='lat' dir='ltr'>pervenerunt3</span> <span class='ocrx_word' id='word_1_114' title='bbox 1167 1598 1224 1665; x_wconf 85' lang='lat' dir='ltr'>sed</span> <span class='ocrx_word' id='word_1_115' title='bbox 1239 1622 1280 1664; x_wconf 84' lang='lat' dir='ltr'>ex</span> <span class='ocrx_word' id='word_1_116' title='bbox 1294 1596 1345 1661; x_wconf 85' lang='lat' dir='ltr'>his</span> 
     </span>
     <span class='ocr_line' id='line_1_16' title="bbox 235 1686 1346 1781; baseline -0.005 -28"><span class='ocrx_word' id='word_1_117' title='bbox 235 1686 390 1754; x_wconf 75' lang='lat' dir='ltr'>onerariae</span> <span class='ocrx_word' id='word_1_118' title='bbox 404 1688 479 1757; x_wconf 76' lang='lat' dir='ltr'>dure</span> <span class='ocrx_word' id='word_1_119' title='bbox 488 1690 629 1765; x_wconf 88' lang='lat' dir='ltr'>eosdem,</span> <span class='ocrx_word' id='word_1_120' title='bbox 666 1714 724 1755; x_wconf 87' lang='lat' dir='ltr'>uos</span> <span class='ocrx_word' id='word_1_121' title='bbox 737 1690 881 1777; x_wconf 89' lang='lat' dir='ltr'>reliquae,</span> <span class='ocrx_word' id='word_1_122' title='bbox 897 1702 1011 1781; x_wconf 89' lang='lat' dir='ltr'>portus</span> <span class='ocrx_word' id='word_1_123' title='bbox 1022 1712 1137 1781; x_wconf 89' lang='lat' dir='ltr'>capere</span> <span class='ocrx_word' id='word_1_124' title='bbox 1151 1708 1214 1759; x_wconf 88' lang='lat' dir='ltr'>nou</span> <span class='ocrx_word' id='word_1_125' title='bbox 1228 1698 1346 1775; x_wconf 81' lang='lat' dir='ltr'>putue-</span> 
     </span>
     <span class='ocr_line' id='line_1_17' title="bbox 234 1776 823 1843; baseline -0.005 -2"><span class='ocrx_word' id='word_1_126' title='bbox 234 1788 313 1841; x_wconf 82' lang='lat' dir='ltr'>runt</span> <span class='ocrx_word' id='word_1_127' title='bbox 328 1787 361 1841; x_wconf 89' lang='lat' dir='ltr'>et</span> <span class='ocrx_word' id='word_1_128' title='bbox 402 1776 489 1843; x_wconf 84' lang='lat' dir='ltr'>aullo</span> <span class='ocrx_word' id='word_1_129' title='bbox 503 1776 588 1843; x_wconf 80' lang='lat' dir='ltr'>infra</span> <span class='ocrx_word' id='word_1_130' title='bbox 607 1776 649 1839; x_wconf 90' lang='lat' dir='ltr'>de</span> <span class='ocrx_word' id='word_1_131' title='bbox 682 1790 723 1841; x_wconf 83' lang='lat' dir='ltr'>tae</span> <span class='ocrx_word' id='word_1_132' title='bbox 737 1788 823 1840; x_wconf 87' lang='lat' dir='ltr'>sunt.</span> 
     </span>
    </p>

    <p class='ocr_par' dir='ltr' id='par_1_4' title="bbox 234 1858 1346 2554">
     <span class='ocr_line' id='line_1_18' title="bbox 277 1858 1346 1951; baseline -0.007 -22"><span class='ocrx_word' id='word_1_133' title='bbox 277 1862 331 1929; x_wconf 86' lang='lat'>37.</span> <span class='ocrx_word' id='word_1_134' title='bbox 391 1863 483 1928; x_wconf 87' lang='lat' dir='ltr'>uibus</span> <span class='ocrx_word' id='word_1_135' title='bbox 497 1884 537 1926; x_wconf 87' lang='lat' dir='ltr'>ex</span> <span class='ocrx_word' id='word_1_136' title='bbox 551 1862 687 1929; x_wconf 87' lang='lat' dir='ltr'>navibus</span> <span class='ocrx_word' id='word_1_137' title='bbox 701 1870 802 1951; x_wconf 86' lang='lat' dir='ltr'>quum</span> <span class='ocrx_word' id='word_1_138' title='bbox 814 1875 918 1928; x_wconf 84' lang='lat' dir='ltr'>essent</span> <span class='ocrx_word' id='word_1_139' title='bbox 933 1858 1069 1951; x_wconf 74' lang='lat' dir='ltr'>expositi</span> <span class='ocrx_word' id='word_1_140' title='bbox 1083 1858 1200 1930; x_wconf 81' lang='lat' dir='ltr'>milites</span> <span class='ocrx_word' id='word_1_141' title='bbox 1213 1858 1346 1925; x_wconf 77' lang='lat' dir='ltr'>circiter</span> 
     </span>
     <span class='ocr_line' id='line_1_19' title="bbox 237 1944 1342 2040; baseline -0.005 -26"><span class='ocrx_word' id='word_1_142' title='bbox 237 1948 342 2029; x_wconf 75' lang='lat' dir='ltr'>CCC,</span> <span class='ocrx_word' id='word_1_143' title='bbox 364 1961 465 2040; x_wconf 81' lang='lat' dir='ltr'>atque</span> <span class='ocrx_word' id='word_1_144' title='bbox 478 1947 511 2013; x_wconf 90' lang='lat' dir='ltr'>in</span> <span class='ocrx_word' id='word_1_145' title='bbox 525 1962 631 2015; x_wconf 80' lang='lat' dir='ltr'>castra</span> <span class='ocrx_word' id='word_1_146' title='bbox 647 1948 892 2025; x_wconf 80' lang='lat' dir='ltr'>contenderent,</span> <span class='ocrx_word' id='word_1_147' title='bbox 910 1948 1045 2025; x_wconf 86' lang='lat' dir='ltr'>Morini,</span> <span class='ocrx_word' id='word_1_148' title='bbox 1067 1970 1148 2039; x_wconf 88' lang='lat' dir='ltr'>quos</span> <span class='ocrx_word' id='word_1_149' title='bbox 1165 1946 1285 2021; x_wconf 71' lang='lat' dir='ltr'>Cesar,</span> <span class='ocrx_word' id='word_1_150' title='bbox 1309 1944 1342 2009; x_wconf 85' lang='lat' dir='ltr'>iu</span> 
     </span>
     <span class='ocr_line' id='line_1_20' title="bbox 236 2028 1342 2135; baseline -0.004 -34"><span class='ocrx_word' id='word_1_151' title='bbox 236 2034 438 2103; x_wconf 69' lang='lat' dir='ltr'>Britanniam</span> <span class='ocrx_word' id='word_1_152' title='bbox 462 2034 677 2128; x_wconf 84' lang='lat' dir='ltr'>proficiscens,</span> <span class='ocrx_word' id='word_1_153' title='bbox 700 2048 830 2124; x_wconf 86' lang='lat' dir='ltr'>pacatos</span> <span class='ocrx_word' id='word_1_154' title='bbox 851 2036 1040 2128; x_wconf 87' lang='lat' dir='ltr'>reliquerat,</span> <span class='ocrx_word' id='word_1_155' title='bbox 1062 2056 1120 2135; x_wconf 90' lang='lat' dir='ltr'>spe</span> <span class='ocrx_word' id='word_1_156' title='bbox 1148 2032 1265 2133; x_wconf 81' lang='lat' dir='ltr'>proedae</span> <span class='ocrx_word' id='word_1_157' title='bbox 1285 2028 1342 2097; x_wconf 83' lang='lat' dir='ltr'>sd·</span> 
     </span>
     <span class='ocr_line' id='line_1_21' title="bbox 236 2120 1345 2211; baseline -0.005 -24"><span class='ocrx_word' id='word_1_158' title='bbox 236 2120 339 2197; x_wconf 86' lang='lat' dir='ltr'>ducti,</span> <span class='ocrx_word' id='word_1_159' title='bbox 364 2122 468 2211; x_wconf 88' lang='lat' dir='ltr'>primo</span> <span class='ocrx_word' id='word_1_160' title='bbox 491 2144 554 2187; x_wconf 92' lang='lat' dir='ltr'>non</span> <span class='ocrx_word' id='word_1_161' title='bbox 569 2123 615 2187; x_wconf 84' lang='lat' dir='ltr'>ita</span> <span class='ocrx_word' id='word_1_162' title='bbox 629 2144 745 2210; x_wconf 73' lang='lat' dir='ltr'>magno</span> <span class='ocrx_word' id='word_1_163' title='bbox 759 2145 890 2187; x_wconf 90' lang='lat' dir='ltr'>suorum</span> <span class='ocrx_word' id='word_1_164' title='bbox 913 2145 1045 2189; x_wconf 91' lang='lat' dir='ltr'>numero</span> <span class='ocrx_word' id='word_1_165' title='bbox 1059 2128 1345 2191; x_wconf 80' lang='lat' dir='ltr'>crrcumsteterum</span> 
     </span>
     <span class='ocr_line' id='line_1_22' title="bbox 235 2206 1342 2299; baseline -0.003 -28"><span class='ocrx_word' id='word_1_166' title='bbox 235 2230 286 2285; x_wconf 79' lang='lat' dir='ltr'>ac,</span> <span class='ocrx_word' id='word_1_167' title='bbox 309 2208 336 2273; x_wconf 86' lang='lat' dir='ltr'>si</span> <span class='ocrx_word' id='word_1_168' title='bbox 355 2232 422 2273; x_wconf 89' lang='lat' dir='ltr'>sese</span> <span class='ocrx_word' id='word_1_169' title='bbox 443 2207 579 2273; x_wconf 88' lang='lat' dir='ltr'>interfici</span> <span class='ocrx_word' id='word_1_170' title='bbox 602 2208 738 2283; x_wconf 88' lang='lat' dir='ltr'>nollent,</span> <span class='ocrx_word' id='word_1_171' title='bbox 761 2230 850 2273; x_wconf 89' lang='lat' dir='ltr'>arma</span> <span class='ocrx_word' id='word_1_172' title='bbox 915 2232 991 2279; x_wconf 86' lang='lat' dir='ltr'>nere</span> <span class='ocrx_word' id='word_1_173' title='bbox 1009 2210 1183 2299; x_wconf 88' lang='lat' dir='ltr'>jusserunt.</span> <span class='ocrx_word' id='word_1_174' title='bbox 1230 2206 1342 2281; x_wconf 87' lang='lat' dir='ltr'>Quum</span> 
     </span>
     <span class='ocr_line' id='line_1_23' title="bbox 234 2290 1342 2369; baseline -0.005 -9"><span class='ocrx_word' id='word_1_175' title='bbox 234 2292 282 2360; x_wconf 88' lang='lat' dir='ltr'>illi</span> <span class='ocrx_word' id='word_1_176' title='bbox 297 2294 376 2360; x_wconf 86' lang='lat' dir='ltr'>orbe</span> <span class='ocrx_word' id='word_1_177' title='bbox 397 2294 481 2359; x_wconf 84' lang='lat' dir='ltr'>facto</span> <span class='ocrx_word' id='word_1_178' title='bbox 502 2316 566 2358; x_wconf 88' lang='lat' dir='ltr'>sese</span> <span class='ocrx_word' id='word_1_179' title='bbox 582 2292 807 2369; x_wconf 86' lang='lat' dir='ltr'>defenderent,</span> <span class='ocrx_word' id='word_1_180' title='bbox 830 2318 866 2359; x_wconf 91' lang='lat' dir='ltr'>ce</span> <span class='ocrx_word' id='word_1_181' title='bbox 881 2296 981 2361; x_wconf 87' lang='lat' dir='ltr'>eriter</span> <span class='ocrx_word' id='word_1_182' title='bbox 1000 2294 1043 2361; x_wconf 83' lang='lat' dir='ltr'>ad</span> <span class='ocrx_word' id='word_1_183' title='bbox 1057 2294 1227 2361; x_wconf 87' lang='lat' dir='ltr'>clamorem</span> <span class='ocrx_word' id='word_1_184' title='bbox 1242 2290 1342 2365; x_wconf 82' lang='lat' dir='ltr'>homi·</span> 
     </span>
     <span class='ocr_line' id='line_1_24' title="bbox 237 2378 1343 2463; baseline -0.002 -18"><span class='ocrx_word' id='word_1_185' title='bbox 237 2402 315 2451; x_wconf 81' lang='lat' dir='ltr'>num</span> <span class='ocrx_word' id='word_1_186' title='bbox 329 2378 458 2447; x_wconf 80' lang='lat' dir='ltr'>circiter</span> <span class='ocrx_word' id='word_1_187' title='bbox 473 2379 559 2447; x_wconf 88' lang='lat' dir='ltr'>milia</span> <span class='ocrx_word' id='word_1_188' title='bbox 576 2378 625 2445; x_wconf 86' lang='lat' dir='ltr'>Vl</span> <span class='ocrx_word' id='word_1_189' title='bbox 640 2393 871 2447; x_wconf 90' lang='lat' dir='ltr'>convenerunt.</span> <span class='ocrx_word' id='word_1_190' title='bbox 918 2383 991 2463; x_wconf 85' lang='lat' dir='ltr'>Qua</span> <span class='ocrx_word' id='word_1_191' title='bbox 1007 2406 1043 2449; x_wconf 92' lang='lat' dir='ltr'>rc</span> <span class='ocrx_word' id='word_1_192' title='bbox 1058 2380 1218 2455; x_wconf 85' lang='lat' dir='ltr'>nunciata,</span> <span class='ocrx_word' id='word_1_193' title='bbox 1235 2378 1343 2444; x_wconf 83' lang='lat' dir='ltr'>Caesar</span> 
     </span>
     <span class='ocr_line' id='line_1_25' title="bbox 235 2462 1343 2554; baseline -0.002 -23"><span class='ocrx_word' id='word_1_194' title='bbox 235 2488 363 2533; x_wconf 89' lang='lat' dir='ltr'>omnem</span> <span class='ocrx_word' id='word_1_195' title='bbox 378 2490 417 2538; x_wconf 83' lang='lat' dir='ltr'>ex</span> <span class='ocrx_word' id='word_1_196' title='bbox 432 2466 542 2531; x_wconf 84' lang='lat' dir='ltr'>castris</span> <span class='ocrx_word' id='word_1_197' title='bbox 556 2466 738 2554; x_wconf 81' lang='lat' dir='ltr'>equitatum</span> <span class='ocrx_word' id='word_1_198' title='bbox 753 2468 816 2532; x_wconf 87' lang='lat' dir='ltr'>suis</span> <span class='ocrx_word' id='word_1_199' title='bbox 829 2469 949 2535; x_wconf 83' lang='lat' dir='ltr'>auxilio</span> <span class='ocrx_word' id='word_1_200' title='bbox 963 2468 1057 2535; x_wconf 85' lang='lat' dir='ltr'>misit.</span> <span class='ocrx_word' id='word_1_201' title='bbox 1093 2466 1226 2533; x_wconf 88' lang='lat' dir='ltr'>Interim</span> <span class='ocrx_word' id='word_1_202' title='bbox 1241 2462 1343 2532; x_wconf 82' lang='lat' dir='ltr'>nostri</span> 
     </span>
    </p>
   </div>
   <div class='ocr_carea' id='block_1_3' title="bbox 119 2550 1343 2645">
    <p class='ocr_par' dir='ltr' id='par_1_5' title="bbox 119 2550 1343 2645">
     <span class='ocr_line' id='line_1_26' title="bbox 119 2550 1343 2645; baseline -0.002 -23"><span class='ocrx_word' id='word_1_203' title='bbox 119 2568 128 2579; x_wconf 91' lang='grc'><strong>“</strong></span> <span class='ocrx_word' id='word_1_204' title='bbox 234 2552 352 2622; x_wconf 85' lang='lat' dir='ltr'>milites</span> <span class='ocrx_word' id='word_1_205' title='bbox 380 2551 526 2643; x_wconf 86' lang='lat' dir='ltr'>inpetum</span> <span class='ocrx_word' id='word_1_206' title='bbox 549 2551 688 2619; x_wconf 86' lang='lat' dir='ltr'>hostium</span> <span class='ocrx_word' id='word_1_207' title='bbox 713 2554 934 2621; x_wconf 88' lang='lat' dir='ltr'>sustinuerunt</span> <span class='ocrx_word' id='word_1_208' title='bbox 963 2574 1063 2645; x_wconf 84' lang='lat' dir='ltr'>atquc</span> <span class='ocrx_word' id='word_1_209' title='bbox 1092 2554 1228 2643; x_wconf 86' lang='lat' dir='ltr'>amplius</span> <span class='ocrx_word' id='word_1_210' title='bbox 1257 2550 1343 2619; x_wconf 86' lang='lat' dir='ltr'>horis</span> 
     </span>
    </p>
   </div>
   <div class='ocr_carea' id='block_1_4' title="bbox 180 2638 1344 3512">
    <p class='ocr_par' dir='ltr' id='par_1_6' title="bbox 180 2638 1342 2987">
     <span class='ocr_line' id='line_1_27' title="bbox 235 2638 1342 2743; baseline -0.005 -36"><span class='ocrx_word' id='word_1_211' title='bbox 235 2654 378 2730; x_wconf 84' lang='lat' dir='ltr'>quatuor</span> <span class='ocrx_word' id='word_1_212' title='bbox 390 2640 560 2716; x_wconf 84' lang='lat' dir='ltr'>fortissime</span> <span class='ocrx_word' id='word_1_213' title='bbox 573 2654 801 2743; x_wconf 76' lang='lat' dir='ltr'>pugnaverunt</span> <span class='ocrx_word' id='word_1_214' title='bbox 814 2653 859 2717; x_wconf 91' lang='lat' dir='ltr'>et,</span> <span class='ocrx_word' id='word_1_215' title='bbox 873 2642 981 2733; x_wconf 85' lang='lat' dir='ltr'>paucis</span> <span class='ocrx_word' id='word_1_216' title='bbox 993 2640 1180 2707; x_wconf 82' lang='lat' dir='ltr'>vulneribus</span> <span class='ocrx_word' id='word_1_217' title='bbox 1190 2638 1342 2727; x_wconf 84' lang='lat' dir='ltr'>acceptis,</span> 
     </span>
     <span class='ocr_line' id='line_1_28' title="bbox 238 2724 1342 2819; baseline -0.005 -26"><span class='ocrx_word' id='word_1_218' title='bbox 238 2728 418 2817; x_wconf 80' lang='lat' dir='ltr'>complures</span> <span class='ocrx_word' id='word_1_219' title='bbox 444 2750 483 2796; x_wconf 83' lang='lat' dir='ltr'>ex</span> <span class='ocrx_word' id='word_1_220' title='bbox 509 2726 545 2793; x_wconf 86' lang='lat' dir='ltr'>iis</span> <span class='ocrx_word' id='word_1_221' title='bbox 570 2728 768 2793; x_wconf 74' lang='lat' dir='ltr'>oeciderunt.</span> <span class='ocrx_word' id='word_1_222' title='bbox 817 2728 931 2794; x_wconf 87' lang='lat' dir='ltr'>Postea</span> <span class='ocrx_word' id='word_1_223' title='bbox 953 2750 1031 2793; x_wconf 91' lang='lat' dir='ltr'>vero</span> <span class='ocrx_word' id='word_1_224' title='bbox 1055 2750 1151 2819; x_wconf 87' lang='lat' dir='ltr'>qnam</span> <span class='ocrx_word' id='word_1_225' title='bbox 1180 2724 1342 2815; x_wconf 84' lang='lat' dir='ltr'>equitatus</span> 
     </span>
     <span class='ocr_line' id='line_1_29' title="bbox 227 2812 1342 2908; baseline -0.004 -28"><span class='ocrx_word' id='word_1_226' title='bbox 227 2825 344 2908; x_wconf 80' lang='lat' dir='ltr'>¹noster</span> <span class='ocrx_word' id='word_1_227' title='bbox 364 2812 395 2878; x_wconf 87' lang='lat' dir='ltr'>in</span> <span class='ocrx_word' id='word_1_228' title='bbox 410 2826 616 2903; x_wconf 84' lang='lat' dir='ltr'>conspectum</span> <span class='ocrx_word' id='word_1_229' title='bbox 630 2814 731 2889; x_wconf 86' lang='lat' dir='ltr'>venit,</span> <span class='ocrx_word' id='word_1_230' title='bbox 753 2812 861 2880; x_wconf 84' lang='lat' dir='ltr'>hostes</span> <span class='ocrx_word' id='word_1_231' title='bbox 874 2815 1005 2905; x_wconf 86' lang='lat' dir='ltr'>abjectis</span> <span class='ocrx_word' id='word_1_232' title='bbox 1019 2814 1114 2881; x_wconf 87' lang='lat' dir='ltr'>armis</span> <span class='ocrx_word' id='word_1_233' title='bbox 1129 2826 1222 2902; x_wconf 84' lang='lat' dir='ltr'>terga</span> <span class='ocrx_word' id='word_1_234' title='bbox 1238 2824 1342 2877; x_wconf 84' lang='lat' dir='ltr'>verte·</span> 
     </span>
     <span class='ocr_line' id='line_1_30' title="bbox 180 2901 1027 2987; baseline 0 -24"><span class='ocrx_word' id='word_1_235' title='bbox 180 2919 182 2923; x_wconf 84' lang='lat'>·</span> <span class='ocrx_word' id='word_1_236' title='bbox 239 2911 316 2964; x_wconf 90' lang='lat' dir='ltr'>runt</span> <span class='ocrx_word' id='word_1_237' title='bbox 331 2922 383 2963; x_wconf 87' lang='lat' dir='ltr'>ma</span> <span class='ocrx_word' id='word_1_238' title='bbox 407 2921 530 2987; x_wconf 88' lang='lat' dir='ltr'>nusque</span> <span class='ocrx_word' id='word_1_239' title='bbox 545 2922 654 2966; x_wconf 88' lang='lat' dir='ltr'>eornm</span> <span class='ocrx_word' id='word_1_240' title='bbox 671 2924 821 2965; x_wconf 86' lang='lat' dir='ltr'>numerus</span> <span class='ocrx_word' id='word_1_241' title='bbox 836 2914 884 2967; x_wconf 90' lang='lat' dir='ltr'>est</span> <span class='ocrx_word' id='word_1_242' title='bbox 899 2901 1027 2967; x_wconf 88' lang='lat' dir='ltr'>occisus.</span> 
     </span>
    </p>

    <p class='ocr_par' dir='ltr' id='par_1_7' title="bbox 237 2982 1344 3512">
     <span class='ocr_line' id='line_1_31' title="bbox 282 2982 1344 3081; baseline -0.006 -27"><span class='ocrx_word' id='word_1_243' title='bbox 282 2986 336 3054; x_wconf 79' lang='lat'>38·</span> <span class='ocrx_word' id='word_1_244' title='bbox 399 3009 477 3051; x_wconf 80' lang='lat' dir='ltr'>aescr</span> <span class='ocrx_word' id='word_1_245' title='bbox 504 2999 635 3081; x_wconf 83' lang='lat' dir='ltr'>postero</span> <span class='ocrx_word' id='word_1_246' title='bbox 663 2984 716 3051; x_wconf 89' lang='lat' dir='ltr'>die</span> <span class='ocrx_word' id='word_1_247' title='bbox 742 2986 782 3053; x_wconf 89' lang='lat' dir='ltr'>T.</span> <span class='ocrx_word' id='word_1_248' title='bbox 812 2986 987 3056; x_wconf 85' lang='lat' dir='ltr'>Labienum</span> <span class='ocrx_word' id='word_1_249' title='bbox 1016 2986 1062 3053; x_wconf 87' lang='lat' dir='ltr'>Le</span> <span class='ocrx_word' id='word_1_250' title='bbox 1106 2996 1174 3053; x_wconf 87' lang='lat' dir='ltr'>tum</span> <span class='ocrx_word' id='word_1_251' title='bbox 1203 3006 1275 3055; x_wconf 87' lang='lat' dir='ltr'>cum</span> <span class='ocrx_word' id='word_1_252' title='bbox 1307 2982 1344 3049; x_wconf 89' lang='lat' dir='ltr'>iis</span> 
     </span>
     <span class='ocr_line' id='line_1_32' title="bbox 237 3070 1342 3161; baseline -0.005 -19"><span class='ocrx_word' id='word_1_253' title='bbox 237 3070 269 3142; x_wconf 83' lang='lat' dir='ltr'>le</span> <span class='ocrx_word' id='word_1_254' title='bbox 293 3071 430 3149; x_wconf 83' lang='lat' dir='ltr'>ionibus,</span> <span class='ocrx_word' id='word_1_255' title='bbox 454 3096 533 3161; x_wconf 80' lang='lat' dir='ltr'>qnae</span> <span class='ocrx_word' id='word_1_256' title='bbox 548 3096 587 3139; x_wconf 84' lang='lat' dir='ltr'>ex</span> <span class='ocrx_word' id='word_1_257' title='bbox 603 3072 771 3139; x_wconf 84' lang='lat' dir='ltr'>Britannia</span> <span class='ocrx_word' id='word_1_258' title='bbox 785 3074 970 3148; x_wconf 84' lang='lat' dir='ltr'>reduxerat,</span> <span class='ocrx_word' id='word_1_259' title='bbox 994 3075 1025 3140; x_wconf 91' lang='lat' dir='ltr'>in</span> <span class='ocrx_word' id='word_1_260' title='bbox 1083 3075 1202 3148; x_wconf 85' lang='lat' dir='ltr'>crinas,</span> <span class='ocrx_word' id='word_1_261' title='bbox 1221 3070 1276 3160; x_wconf 90' lang='lat' dir='ltr'>qui</span> <span class='ocrx_word' id='word_1_262' title='bbox 1293 3092 1342 3137; x_wconf 81' lang='lat' dir='ltr'>re·</span> 
     </span>
     <span class='ocr_line' id='line_1_33' title="bbox 237 3096 1343 3256; baseline -0.008 -25"><span class='ocrx_word' id='word_1_263' title='bbox 237 3096 410 3231; x_wconf 76' lang='lat' dir='ltr'>beittonen</span> <span class='ocrx_word' id='word_1_264' title='bbox 440 3158 596 3233; x_wconf 82' lang='lat' dir='ltr'>fecerant,</span> <span class='ocrx_word' id='word_1_265' title='bbox 627 3158 721 3224; x_wconf 86' lang='lat' dir='ltr'>misit.</span> <span class='ocrx_word' id='word_1_266' title='bbox 785 3160 848 3241; x_wconf 86' lang='lat' dir='ltr'>Qui</span> <span class='ocrx_word' id='word_1_267' title='bbox 902 3184 980 3227; x_wconf 91' lang='lat' dir='ltr'>unm</span> <span class='ocrx_word' id='word_1_268' title='bbox 1015 3173 1152 3256; x_wconf 87' lang='lat' dir='ltr'>propter</span> <span class='ocrx_word' id='word_1_269' title='bbox 1184 3158 1343 3224; x_wconf 74' lang='lat' dir='ltr'>siccitates</span> 
     </span>
     <span class='ocr_line' id='line_1_34' title="bbox 239 3244 1344 3336; baseline -0.001 -26"><span class='ocrx_word' id='word_1_270' title='bbox 239 3246 406 3336; x_wconf 82' lang='lat' dir='ltr'>paludum,</span> <span class='ocrx_word' id='word_1_271' title='bbox 428 3268 494 3333; x_wconf 91' lang='lat' dir='ltr'>quo</span> <span class='ocrx_word' id='word_1_272' title='bbox 508 3246 751 3333; x_wconf 65' lang='lat' dir='ltr'>susciperent,</span> <span class='ocrx_word' id='word_1_273' title='bbox 775 3270 837 3311; x_wconf 90' lang='lat' dir='ltr'>non</span> <span class='ocrx_word' id='word_1_274' title='bbox 853 3246 893 3313; x_wconf 83' lang='lat' dir='ltr'>hn</span> <span class='ocrx_word' id='word_1_275' title='bbox 917 3261 1020 3324; x_wconf 87' lang='lat' dir='ltr'>erent,</span> <span class='ocrx_word' id='word_1_276' title='bbox 1043 3270 1109 3335; x_wconf 92' lang='lat' dir='ltr'>quo</span> <span class='ocrx_word' id='word_1_277' title='bbox 1125 3244 1277 3335; x_wconf 72' lang='lat' dir='ltr'>perfugio</span> <span class='ocrx_word' id='word_1_278' title='bbox 1292 3268 1344 3309; x_wconf 93' lang='lat' dir='ltr'>su·</span> 
     </span>
     <span class='ocr_line' id='line_1_35' title="bbox 239 3329 1344 3424; baseline -0.003 -27"><span class='ocrx_word' id='word_1_279' title='bbox 239 3332 366 3423; x_wconf 77' lang='lat' dir='ltr'>peiiore</span> <span class='ocrx_word' id='word_1_280' title='bbox 386 3354 470 3398; x_wconf 85' lang='lat' dir='ltr'>anno</span> <span class='ocrx_word' id='word_1_281' title='bbox 492 3332 622 3397; x_wconf 83' lang='lat' dir='ltr'>fuerant</span> <span class='ocrx_word' id='word_1_282' title='bbox 643 3332 702 3408; x_wconf 89' lang='lat' dir='ltr'>nsi,</span> <span class='ocrx_word' id='word_1_283' title='bbox 727 3357 834 3399; x_wconf 88' lang='lat' dir='ltr'>omnes</span> <span class='ocrx_word' id='word_1_284' title='bbox 856 3335 924 3401; x_wconf 90' lang='lat' dir='ltr'>fere</span> <span class='ocrx_word' id='word_1_285' title='bbox 945 3336 975 3400; x_wconf 96' lang='lat' dir='ltr'>in</span> <span class='ocrx_word' id='word_1_286' title='bbox 992 3345 1185 3424; x_wconf 76' lang='lat' dir='ltr'>potestatem</span> <span class='ocrx_word' id='word_1_287' title='bbox 1209 3329 1344 3396; x_wconf 80' lang='lat' dir='ltr'>Labieni</span> 
     </span>
     <span class='ocr_line' id='line_1_36' title="bbox 239 3416 1344 3512; baseline -0.004 -27"><span class='ocrx_word' id='word_1_288' title='bbox 239 3431 409 3485; x_wconf 80' lang='lat' dir='ltr'>venerunt.</span> <span class='ocrx_word' id='word_1_289' title='bbox 455 3419 502 3485; x_wconf 76' lang='lat' dir='ltr'>At</span> <span class='ocrx_word' id='word_1_290' title='bbox 519 3420 560 3496; x_wconf 88' lang='lat' dir='ltr'>Q.</span> <span class='ocrx_word' id='word_1_291' title='bbox 574 3417 721 3485; x_wconf 86' lang='lat' dir='ltr'>Titurius</span> <span class='ocrx_word' id='word_1_292' title='bbox 735 3432 768 3485; x_wconf 88' lang='lat' dir='ltr'>et</span> <span class='ocrx_word' id='word_1_293' title='bbox 785 3420 823 3486; x_wconf 92' lang='lat' dir='ltr'>L.</span> <span class='ocrx_word' id='word_1_294' title='bbox 838 3420 949 3498; x_wconf 85' lang='lat' dir='ltr'>Cotta,</span> <span class='ocrx_word' id='word_1_295' title='bbox 967 3421 1094 3512; x_wconf 73' lang='lat' dir='ltr'>Legati,</span> <span class='ocrx_word' id='word_1_296' title='bbox 1109 3418 1166 3508; x_wconf 88' lang='lat' dir='ltr'>qui</span> <span class='ocrx_word' id='word_1_297' title='bbox 1181 3416 1213 3485; x_wconf 87' lang='lat' dir='ltr'>iu</span> <span class='ocrx_word' id='word_1_298' title='bbox 1230 3418 1344 3487; x_wconf 77' lang='lat' dir='ltr'>usna.</span> 
     </span>
    </p>
   </div>
   <div class='ocr_carea' id='block_1_5' title="bbox 235 3656 1343 4441">
    <p class='ocr_par' dir='ltr' id='par_1_8' title="bbox 242 3656 1342 3781">
     <span class='ocr_line' id='line_1_37' title="bbox 276 3656 1342 3722; baseline -0.004 -11"><span class='ocrx_word' id='word_1_299' title='bbox 276 3664 380 3717; x_wconf 66' lang='lat' dir='ltr'>Dictu-</span> <span class='ocrx_word' id='word_1_300' title='bbox 400 3666 446 3711; x_wconf 78' lang='lat' dir='ltr'>stt·</span> <span class='ocrx_word' id='word_1_301' title='bbox 472 3658 524 3711; x_wconf 77' lang='lat' dir='ltr'>rid·</span> <span class='ocrx_word' id='word_1_302' title='bbox 546 3673 604 3722; x_wconf 78' lang='lat' dir='ltr'>esp·</span> <span class='ocrx_word' id='word_1_303' title='bbox 624 3659 654 3709; x_wconf 79' lang='lat' dir='ltr'>at</span> <span class='ocrx_word' id='word_1_304' title='bbox 679 3667 706 3711; x_wconf 87' lang='lat' dir='ltr'>ct</span> <span class='ocrx_word' id='word_1_305' title='bbox 725 3662 766 3712; x_wconf 78' lang='lat' dir='ltr'>et.</span> <span class='ocrx_word' id='word_1_306' title='bbox 850 3663 939 3711; x_wconf 74' lang='lat' dir='ltr'>Hiems·</span> <span class='ocrx_word' id='word_1_307' title='bbox 972 3676 1032 3711; x_wconf 77' lang='lat' dir='ltr'>aar.</span> <span class='ocrx_word' id='word_1_308' title='bbox 1068 3660 1262 3721; x_wconf 68' lang='lat' dir='ltr'>subjiciendam·</span> <span class='ocrx_word' id='word_1_309' title='bbox 1295 3656 1342 3711; x_wconf 77' lang='lat' dir='ltr'>alii</span> 
     </span>
     <span class='ocr_line' id='line_1_38' title="bbox 242 3727 1151 3781; baseline -0.009 0"><span class='ocrx_word' id='word_1_310' title='bbox 242 3730 282 3781; x_wconf 73' lang='lat'>1.</span> <span class='ocrx_word' id='word_1_311' title='bbox 816 3727 1151 3777; x_wconf 58' lang='lat' dir='ltr'>timeanturubmmtam.</span> 
     </span>
    </p>

    <p class='ocr_par' dir='ltr' id='par_1_9' title="bbox 235 3786 1343 4441">
     <span class='ocr_line' id='line_1_39' title="bbox 277 3786 1341 3857; baseline 0.002 -20"><span class='ocrx_word' id='word_1_312' title='bbox 277 3794 405 3857; x_wconf 47' lang='lat' dir='ltr'>rufinae.</span> <span class='ocrx_word' id='word_1_313' title='bbox 435 3786 769 3853; x_wconf 74' lang='lat' dir='ltr'>Prohissulgslegsbctur</span> <span class='ocrx_word' id='word_1_314' title='bbox 851 3790 900 3839; x_wconf 77' lang='lat' dir='ltr'>Sed</span> <span class='ocrx_word' id='word_1_315' title='bbox 910 3806 942 3839; x_wconf 73' lang='lat' dir='ltr'>es</span> <span class='ocrx_word' id='word_1_316' title='bbox 953 3792 1001 3845; x_wconf 71' lang='lat' dir='ltr'>dis,</span> <span class='ocrx_word' id='word_1_317' title='bbox 1012 3800 1060 3847; x_wconf 83' lang='lat' dir='ltr'>etc.</span> <span class='ocrx_word' id='word_1_318' title='bbox 1089 3789 1240 3842; x_wconf 79' lang='lat' dir='ltr'>Peniculum</span> <span class='ocrx_word' id='word_1_319' title='bbox 1252 3790 1341 3840; x_wconf 79' lang='lat' dir='ltr'>adver·</span> 
     </span>
     <span class='ocr_line' id='line_1_40' title="bbox 242 3852 1343 3920; baseline 0.002 -19"><span class='ocrx_word' id='word_1_320' title='bbox 242 3858 352 3920; x_wconf 58' lang='lat' dir='ltr'>metes</span> <span class='ocrx_word' id='word_1_321' title='bbox 368 3859 484 3913; x_wconf 61' lang='lat' dir='ltr'>ms,</span> <span class='ocrx_word' id='word_1_322' title='bbox 500 3862 528 3905; x_wconf 74' lang='lat' dir='ltr'>ut</span> <span class='ocrx_word' id='word_1_323' title='bbox 546 3862 573 3902; x_wconf 83' lang='lat' dir='ltr'>et</span> <span class='ocrx_word' id='word_1_324' title='bbox 592 3852 678 3917; x_wconf 86' lang='lat' dir='ltr'>plures</span> <span class='ocrx_word' id='word_1_325' title='bbox 694 3853 767 3903; x_wconf 80' lang='lat' dir='ltr'>MSS.</span> <span class='ocrx_word' id='word_1_326' title='bbox 815 3854 921 3903; x_wconf 74' lang='lat' dir='ltr'>sativam</span> <span class='ocrx_word' id='word_1_327' title='bbox 935 3856 1012 3902; x_wconf 79' lang='lat' dir='ltr'>Atdus</span> <span class='ocrx_word' id='word_1_328' title='bbox 1023 3864 1047 3903; x_wconf 82' lang='lat' dir='ltr'>et</span> <span class='ocrx_word' id='word_1_329' title='bbox 1058 3870 1179 3919; x_wconf 76' lang='lat' dir='ltr'>sequaces</span> <span class='ocrx_word' id='word_1_330' title='bbox 1190 3864 1247 3919; x_wconf 83' lang='lat' dir='ltr'>post</span> <span class='ocrx_word' id='word_1_331' title='bbox 1255 3862 1343 3919; x_wconf 75' lang='lat' dir='ltr'>potus·</span> 
     </span>
     <span class='ocr_line' id='line_1_41' title="bbox 243 3916 1010 3983; baseline -0.005 -12"><span class='ocrx_word' id='word_1_332' title='bbox 243 3936 260 3971; x_wconf 83' lang='lat' dir='ltr'>a</span> <span class='ocrx_word' id='word_1_333' title='bbox 285 3916 644 3983; x_wconf 81' lang='lat' dir='ltr'>uchmetsphr.erhibent=</span> <span class='ocrx_word' id='word_1_334' title='bbox 662 3919 766 3981; x_wconf 79' lang='lat' dir='ltr'>sedjaru</span> <span class='ocrx_word' id='word_1_335' title='bbox 815 3920 1010 3971; x_wconf 72' lang='lat' dir='ltr'>msttccavere.</span> 
     </span>
     <span class='ocr_line' id='line_1_42' title="bbox 242 3982 1308 4043; baseline -0.004 -6"><span class='ocrx_word' id='word_1_336' title='bbox 242 3986 281 4037; x_wconf 72' lang='lat' dir='ltr'>es</span> <span class='ocrx_word' id='word_1_337' title='bbox 291 3986 367 4037; x_wconf 72' lang='lat' dir='ltr'>tanus</span> <span class='ocrx_word' id='word_1_338' title='bbox 376 3983 644 4042; x_wconf 71' lang='lat' dir='ltr'>mountsoronuvium</span> <span class='ocrx_word' id='word_1_339' title='bbox 656 3982 766 4033; x_wconf 80' lang='lat' dir='ltr'>Observ.</span> <span class='ocrx_word' id='word_1_340' title='bbox 851 3986 913 4033; x_wconf 71' lang='lat' dir='ltr'>Orto</span> <span class='ocrx_word' id='word_1_341' title='bbox 930 3984 1001 4039; x_wconf 73' lang='lat' dir='ltr'>sacto.</span> <span class='ocrx_word' id='word_1_342' title='bbox 1034 3982 1074 4033; x_wconf 80' lang='lat' dir='ltr'>Ct.</span> <span class='ocrx_word' id='word_1_343' title='bbox 1093 3990 1117 4043; x_wconf 74' lang='lat'>³,</span> <span class='ocrx_word' id='word_1_344' title='bbox 1136 3986 1176 4033; x_wconf 71' lang='lat'>88.</span> <span class='ocrx_word' id='word_1_345' title='bbox 1193 3992 1219 4033; x_wconf 89' lang='lat' dir='ltr'>et</span> <span class='ocrx_word' id='word_1_346' title='bbox 1239 3982 1308 4033; x_wconf 83' lang='lat' dir='ltr'>Sallu</span> 
     </span>
     <span class='ocr_line' id='line_1_43' title="bbox 243 4047 1305 4112; baseline -0.005 -13"><span class='ocrx_word' id='word_1_347' title='bbox 243 4054 269 4107; x_wconf 75' lang='grc'>4.</span> <span class='ocrx_word' id='word_1_348' title='bbox 281 4054 305 4099; x_wconf 73' lang='lat'>8·</span> <span class='ocrx_word' id='word_1_349' title='bbox 322 4066 338 4098; x_wconf 85' lang='lat' dir='ltr'>e</span> <span class='ocrx_word' id='word_1_350' title='bbox 355 4050 411 4099; x_wconf 83' lang='lat' dir='ltr'>cod.</span> <span class='ocrx_word' id='word_1_351' title='bbox 430 4048 530 4099; x_wconf 74' lang='lat' dir='ltr'>Andino</span> <span class='ocrx_word' id='word_1_352' title='bbox 550 4047 767 4105; x_wconf 67' lang='lat' dir='ltr'>restituissent·</span> <span class='ocrx_word' id='word_1_353' title='bbox 817 4048 877 4112; x_wconf 77' lang='lat' dir='ltr'>Jug.</span> <span class='ocrx_word' id='word_1_354' title='bbox 891 4050 931 4097; x_wconf 80' lang='lat' dir='ltr'>et.</span> <span class='ocrx_word' id='word_1_355' title='bbox 1064 4054 1069 4061; x_wconf 86' lang='lat'>&#39;</span> <span class='ocrx_word' id='word_1_356' title='bbox 1295 4067 1305 4077; x_wconf 85' lang='lat'><em>·</em></span> 
     </span>
     <span class='ocr_line' id='line_1_44' title="bbox 235 4111 1339 4180; baseline 0.004 -19"><span class='ocrx_word' id='word_1_357' title='bbox 235 4118 317 4180; x_wconf 54' lang='grc' dir='ltr'>μ’.</span> <span class='ocrx_word' id='word_1_358' title='bbox 337 4116 500 4177; x_wconf 53' lang='lat' dir='ltr'>imosque,</span> <span class='ocrx_word' id='word_1_359' title='bbox 519 4114 590 4177; x_wconf 85' lang='lat' dir='ltr'>qued</span> <span class='ocrx_word' id='word_1_360' title='bbox 609 4111 692 4176; x_wconf 82' lang='lat' dir='ltr'>ipsam</span> <span class='ocrx_word' id='word_1_361' title='bbox 712 4111 767 4161; x_wconf 82' lang='lat' dir='ltr'>On·</span> <span class='ocrx_word' id='word_1_362' title='bbox 851 4112 1339 4177; x_wconf 65' lang='lat' dir='ltr'>Amnrucnmn.autumabamus</span> 
     </span>
     <span class='ocr_line' id='line_1_45' title="bbox 241 4175 1033 4241; baseline -0.003 -11"><span class='ocrx_word' id='word_1_363' title='bbox 241 4181 317 4233; x_wconf 84' lang='lat' dir='ltr'>dsnd.</span> <span class='ocrx_word' id='word_1_364' title='bbox 337 4178 362 4233; x_wconf 77' lang='lat' dir='ltr'>io</span> <span class='ocrx_word' id='word_1_365' title='bbox 379 4177 463 4228; x_wconf 76' lang='lat' dir='ltr'>Onon.</span> <span class='ocrx_word' id='word_1_366' title='bbox 480 4178 534 4235; x_wconf 76' lang='lat' dir='ltr'>MS·</span> <span class='ocrx_word' id='word_1_367' title='bbox 553 4192 682 4230; x_wconf 76' lang='lat' dir='ltr'>occurrens</span> <span class='ocrx_word' id='word_1_368' title='bbox 694 4175 767 4227; x_wconf 80' lang='lat' dir='ltr'>dixit.</span> <span class='ocrx_word' id='word_1_369' title='bbox 817 4194 905 4241; x_wconf 68' lang='lat' dir='ltr'>quana.</span> <span class='ocrx_word' id='word_1_370' title='bbox 917 4185 944 4225; x_wconf 90' lang='lat' dir='ltr'>ut</span> <span class='ocrx_word' id='word_1_371' title='bbox 957 4182 981 4229; x_wconf 79' lang='lat'>5.</span> <span class='ocrx_word' id='word_1_372' title='bbox 992 4183 1033 4227; x_wconf 72' lang='lat'>58.</span> 
     </span>
     <span class='ocr_line' id='line_1_46' title="bbox 242 4240 1340 4307; baseline -0.003 -12"><span class='ocrx_word' id='word_1_373' title='bbox 242 4247 280 4295; x_wconf 81' lang='lat' dir='ltr'>M.</span> <span class='ocrx_word' id='word_1_374' title='bbox 298 4241 419 4293; x_wconf 84' lang='lat' dir='ltr'>Rectiora</span> <span class='ocrx_word' id='word_1_375' title='bbox 430 4243 493 4289; x_wconf 85' lang='lat' dir='ltr'>datl</span> <span class='ocrx_word' id='word_1_376' title='bbox 508 4240 579 4289; x_wconf 88' lang='lat' dir='ltr'>c.n.</span> <span class='ocrx_word' id='word_1_377' title='bbox 589 4242 633 4304; x_wconf 87' lang='lat' dir='ltr'>qui</span> <span class='ocrx_word' id='word_1_378' title='bbox 642 4240 679 4297; x_wconf 76' lang='lat' dir='ltr'>sic</span> <span class='ocrx_word' id='word_1_379' title='bbox 690 4241 766 4307; x_wconf 64' lang='lat' dir='ltr'>tegite</span> <span class='ocrx_word' id='word_1_380' title='bbox 851 4244 903 4301; x_wconf 77' lang='lat' dir='ltr'>Qec</span> <span class='ocrx_word' id='word_1_381' title='bbox 914 4242 1018 4305; x_wconf 50' lang='grc' dir='ltr'>μνῆ*</span> <span class='ocrx_word' id='word_1_382' title='bbox 1029 4252 1156 4298; x_wconf 67' lang='lat' dir='ltr'>omniu.</span> <span class='ocrx_word' id='word_1_383' title='bbox 1190 4244 1261 4301; x_wconf 74' lang='lat' dir='ltr'>Adeo</span> <span class='ocrx_word' id='word_1_384' title='bbox 1273 4240 1340 4293; x_wconf 79' lang='lat' dir='ltr'>mui-</span> 
     </span>
     <span class='ocr_line' id='line_1_47' title="bbox 241 4306 1339 4375; baseline 0.003 -16"><span class='ocrx_word' id='word_1_385' title='bbox 241 4310 383 4359; x_wconf 65' lang='lat' dir='ltr'>romanu</span> <span class='ocrx_word' id='word_1_386' title='bbox 401 4308 474 4366; x_wconf 62' lang='lat' dir='ltr'>lcum</span> <span class='ocrx_word' id='word_1_387' title='bbox 487 4308 586 4367; x_wconf 75' lang='lat' dir='ltr'>tuteque</span> <span class='ocrx_word' id='word_1_388' title='bbox 603 4306 714 4368; x_wconf 68' lang='lat' dir='ltr'>adflictis</span> <span class='ocrx_word' id='word_1_389' title='bbox 725 4310 766 4355; x_wconf 77' lang='lat' dir='ltr'>tn·</span> <span class='ocrx_word' id='word_1_390' title='bbox 816 4306 897 4375; x_wconf 80' lang='lat' dir='ltr'>tipler</span> <span class='ocrx_word' id='word_1_391' title='bbox 915 4316 952 4357; x_wconf 84' lang='lat' dir='ltr'>est</span> <span class='ocrx_word' id='word_1_392' title='bbox 971 4306 995 4357; x_wconf 88' lang='lat' dir='ltr'>in</span> <span class='ocrx_word' id='word_1_393' title='bbox 1011 4310 1084 4365; x_wconf 76' lang='lat' dir='ltr'>codd.</span> <span class='ocrx_word' id='word_1_394' title='bbox 1096 4308 1174 4365; x_wconf 79' lang='lat' dir='ltr'>lectio</span> <span class='ocrx_word' id='word_1_395' title='bbox 1192 4308 1267 4360; x_wconf 78' lang='lat' dir='ltr'>hu‘us</span> <span class='ocrx_word' id='word_1_396' title='bbox 1280 4308 1339 4375; x_wconf 71' lang='lat' dir='ltr'>loci,</span> 
     </span>
     <span class='ocr_line' id='line_1_48' title="bbox 239 4326 1340 4441; baseline 0.001 -17"><span class='ocrx_word' id='word_1_397' title='bbox 239 4378 367 4441; x_wconf 67' lang='lat' dir='ltr'>empus</span> <span class='ocrx_word' id='word_1_398' title='bbox 375 4370 495 4434; x_wconf 51' lang='lat' dir='ltr'>atticis·</span> <span class='ocrx_word' id='word_1_399' title='bbox 505 4368 559 4419; x_wconf 78' lang='lat' dir='ltr'>fere</span> <span class='ocrx_word' id='word_1_400' title='bbox 568 4377 597 4417; x_wconf 84' lang='lat' dir='ltr'>ut</span> <span class='ocrx_word' id='word_1_401' title='bbox 608 4376 632 4428; x_wconf 75' lang='grc'>5,</span> <span class='ocrx_word' id='word_1_402' title='bbox 647 4374 683 4421; x_wconf 76' lang='lat' dir='ltr'>te.</span> <span class='ocrx_word' id='word_1_403' title='bbox 815 4380 844 4420; x_wconf 87' lang='lat' dir='ltr'>ut</span> <span class='ocrx_word' id='word_1_404' title='bbox 859 4372 1056 4437; x_wconf 83' lang='lat' dir='ltr'>Oudendorpius</span> <span class='ocrx_word' id='word_1_405' title='bbox 1072 4372 1190 4433; x_wconf 75' lang='lat' dir='ltr'>fateatur,</span> <span class='ocrx_word' id='word_1_406' title='bbox 1202 4326 1254 4424; x_wconf 74' lang='lat' dir='ltr'>nii</span> <span class='ocrx_word' id='word_1_407' title='bbox 1266 4374 1298 4424; x_wconf 88' lang='lat' dir='ltr'>ds</span> <span class='ocrx_word' id='word_1_408' title='bbox 1309 4384 1340 4425; x_wconf 75' lang='lat' dir='ltr'>es</span> 
     </span>
    </p>
   </div>
   <div class='ocr_carea' id='block_1_6' title="bbox 0 0 1460 4809">
    <p class='ocr_par' dir='ltr' id='par_1_10' title="bbox 0 0 1460 4809">
     <span class='ocr_line' id='line_1_49' title="bbox 0 0 1460 4809; baseline 0 0"><span class='ocrx_word' id='word_1_409' title='bbox 0 0 1460 4809; x_wconf 95' lang='lat' dir='ltr'> </span> 
     </span>
    </p>
   </div>
  </div>
 </body>
</html>
