2909 4809
561 243 830 317 Frusino.
1037 341 1059 352 ..
1220 257 1267 325 vn

157 434 313 502 confecto
340 432 432 501 bello
458 426 555 513 civili,
576 458 723 503 reversus
748 437 872 546 quippe
896 440 1003 506 mense
1029 440 1168 517 Octobri
1189 441 1266 513 enni

139 569 142 577 ·
160 546 359 615 necuter
374 565 472 619 coesns
486 546 600 614 Idibus
614 547 744 615 Martiis
755 573 786 616 ιι.
802 550 941 618 DCGX.

207 658 332 725 Pendet
343 658 388 725 eb
402 658 462 725 isto
476 660 649 747 questions
663 662 767 727 ultera
778 662 967 751 deepoclrie
979 682 1122 731 nrum·
1138 666 1265 733 Cesar-e

12 810 14 819 »
139 778 376 845 muctarem,
399 785 480 857 ques
495 772 659 841 Lo-Loor
674 769 922 863 putebatffiisse
934 795 957 864 u
969 776 1095 842 Ome
1107 776 1149 841 sd
1162 778 1269 873 ferus

154 899 177 945 s
196 896 231 943 se
248 876 434 945 emendato·
453 878 725 953 rdcunmodetcs
771 886 883 976 Neget
905 886 967 951 boc
988 888 1261 967 Gorscuunos,

156 988 181 1057 l.
194 1016 223 1057 c.
241 1014 275 1081 p.
288 991 365 1058 640.
387 995 607 1063 etexduabur
618 996 760 1087 epochis,
771 1017 912 1087 querum
925 1001 1123 1065 mentionem
1133 1000 1263 1069 Casu

144 1105 246 1172 chre
260 1106 349 1183 fecit,
371 1108 439 1175 scil.
455 1130 486 1175 e.
501 1109 536 1175 d.
555 1102 652 1176 VIII.
676 1103 727 1179 Id.
743 1111 820 1177 Jen.
837 1104 1014 1179 Dccvst
1029 1108 1134 1201 pridie
1149 1110 1263 1181 Nm

144 1218 236 1283 ιιι.
257 1220 332 1285 anni
354 1222 529 1310 sequanus,
555 1214 698 1291 dunen
719 1240 789 1291 rom
808 1204 1020 1292 nusum.
1065 1224 1200 1291 sauss
1231 1226 1263 1313 1)

156 1330 283 1419 epoen
304 1332 372 1399 uc.
397 1335 570 1425 persepe
591 1332 690 1403 vnn
715 1330 766 1403 ιι.
782 1330 1019 1414 mocon,
1039 1356 1138 1425 qm
1152 1340 1262 1408 ow
1348 1316 1355 1322 ’

154 1442 278 1527 refert,
296 1444 337 1509 C.
365 1446 393 1521 l,
416 1446 449 1511 5.
474 1446 585 1511 eedem
608 1448 780 1514 exhibetur
802 1473 822 1515 a
847 1449 1014 1524 Cicerone,
1041 1447 1106 1537 Ep.
1130 1448 1182 1525 16,
1209 1450 1261 1515 ll.
1309 1464 1314 1478 ·

156 1554 267 1619 Nemo
290 1568 399 1622 autern
421 1556 552 1633 dixerit,
575 1558 745 1647 epistolam
769 1558 850 1625 hanc
870 1544 946 1648 post
963 1558 1063 1643 fastos
1076 1559 1262 1627 emendatos

153 1665 321 1753 scriptam.
366 1668 401 1755 2)
424 1670 530 1735 θεῶν
546 1667 678 1747 indicet,
696 1671 737 1736 C.
752 1671 786 1746 3,
801 1669 833 1737 6.
849 1670 947 1747 diem,
971 1656 1036 1759 qul
1053 1695 1150 1738 neves
1164 1673 1263 1739 solvit

156 1777 343 1856 Brundisio,
367 1779 452 1867 prid.
470 1781 503 1845 N
506 1803 558 1845 on.
576 1781 651 1847 Jan.
669 1779 828 1847 Dccvl.
844 1793 879 1846 et
894 1794 1026 1871 postero
1046 1780 1099 1845 die
1114 1782 1262 1869 pervenit

154 1892 188 1955 in
204 1892 361 1957 Graeciam
373 1914 382 1967 ;
406 1902 476 1957 tum
490 1892 576 1959 misit
592 1892 775 1959 Vibullium
789 1892 832 1958 nd
848 1892 1049 1980 Pompeium,
1064 1892 1120 1979 qni
1135 1893 1178 1977 (c.
1194 1892 1262 1980 ll.)

153 2026 233 2068 mox
253 2002 314 2069 iter
334 2026 374 2067 ex
391 2002 581 2071 Macedonia
601 2003 633 2067 in
649 2001 782 2068 hiberna
798 2002 938 2069 habebat
951 2001 1159 2091 Apolloniam
1174 2002 1261 2093 Dyr·

152 2114 398 2203 rinchiumque.
445 2115 511 2179 Sed
525 2111 614 2179 nulla
629 2113 712 2179 rdtio
735 2114 844 2178 fixerat
869 2112 1023 2200 Pompeio
1047 2122 1114 2177 tam
1134 2136 1206 2180 sero
1226 2114 1260 2179 in

101 2242 107 2259 ·
153 2223 290 2289 hiberna
304 2248 336 2288 se
351 2222 543 2313 recipiendi3
567 2222 675 2313 potius
689 2220 744 2287 ille
767 2221 835 2287 dies
856 2244 930 2286 cum
946 2220 999 2286 die
1016 2220 1046 2286 V
1063 2221 1262 2289 Novembris
1332 2284 1342 2312 ,
1398 2296 1403 2305 ,

152 2334 227 2399 unni
251 2333 426 2421 superioris
446 2332 609 2400 coincidit.
652 2334 689 2421 3)
710 2333 786 2398 Jem
808 2332 908 2397 tertio
926 2353 1033 2397 mense
1054 2344 1141 2420 post,
1161 2356 1260 2423 quem

154 2444 188 2511 in
218 2445 378 2511 Graeciem
408 2444 629 2511 transfretavit
664 2444 781 2524 Cuesnr,
814 2442 1005 2533 Pompeium
1040 2466 1144 2531 prope
1173 2444 1261 2533 Dyr-

153 2554 323 2621 rhachium
337 2554 466 2643 cingere
488 2555 626 2631 studuit,
648 2566 682 2620 et
698 2565 842 2653 quatuor
855 2576 977 2619 menses
991 2552 1054 2619 hoc
1068 2566 1155 2620 stetu
1170 2567 1259 2621 uter·

152 2691 216 2757 que
243 2666 433 2755 permansit;
466 2678 537 2731 tum
562 2662 668 2751 tribus
694 2662 951 2731 hebdomadibus
974 2676 1051 2753 post
1076 2662 1260 2733 Phamlice

152 2802 263 2869 pugne
284 2778 403 2845 eccidit
424 2790 570 2866 tempore
593 2778 711 2843 messis.
759 2776 795 2841 Si
817 2787 925 2841 autem
947 2800 967 2840 a
989 2769 1021 2839 V
1045 2775 1134 2841 Nou.
1147 2774 1260 2843 'adnu-

152 2916 257 2959 meres
276 2912 398 2956 menses
418 2890 484 2955 Vll
508 2912 582 2955 cum
595 2888 740 2964 dimidiu,
764 2888 881 2953 incides
905 2887 938 2951 in
954 2885 1049 2951 finem
1064 2887 1169 2966 Junii,
1190 2912 1260 2975 quo

151 3000 261 3068 messis
283 3000 354 3066 fieri
369 3001 451 3066 solet
471 2997 690 3064 inThesselia.
722 2997 796 3063 »Est
813 3020 894 3086 ergo
909 2996 975 3062 haec
995 2996 1118 3084 epocha
1137 3018 1274 3087 pugnae·
1343 3009 1352 3041 '

152 3113 355 3189 Pharsalicus,
378 3134 450 3200 quae
464 3120 597 3175 notetur
611 3109 642 3174 V
657 3106 736 3173 Idus
755 3108 895 3172 Sextiles
908 3131 939 3173 ιι.
958 3105 1118 3173 Dccvl.
1159 3154 1164 3158 -

196 3208 294 3293 Hisce
316 3220 514 3288 stabiliendis
530 3222 788 3289 Gurscnsnnus
810 3214 914 3285 'totum
929 3228 1070 3305 quatuor
1082 3226 1255 3300 annorum,
1281 3215 1285 3224 ’

150 3336 271 3426 quibus
293 3334 415 3400 bellum
431 3333 524 3400 civile
547 3322 681 3421 gestum'
694 3344 754 3408 est,
770 3332 884 3397 seriem
901 3332 946 3395 ita
969 3329 1114 3419 exponit,
1134 3343 1175 3397 ut
1194 3333 1257 3400 sin-

151 3447 245 3535 gulus
259 3440 397 3534 epochas
410 3442 541 3508 illorum
551 3464 720 3516 annorum,
734 3440 793 3527 qui
806 3463 825 3505 a
838 3462 916 3506 vera
931 3434 1055 3505 ratione
1070 3452 1256 3529 temporum

149 3556 223 3624 anni
243 3554 355 3621 soleris
373 3553 613 3632 aberruverant,
628 3550 670 3616 ad
691 3550 784 3626 banc,
803 3550 908 3638 qualis
926 3572 1004 3615 mox
1022 3560 1073 3615 est
1087 3574 1108 3615 a
1129 3550 1257 3618 Caemrs

149 3667 314 3742 restituto,
337 3664 484 3731 reducet.
528 3661 608 3750 Ejus
629 3660 846 3749 chronologice
868 3662 996 3750 potiora
1009 3675 1173 3731 momente
1190 3666 1258 3734 lec.

150 3779 277 3846 toribus
309 3776 351 3843 ob
381 3773 491 3841 oculos
521 3773 668 3863 ponende
695 3772 787 3839 duxi.
832 3773 991 3861 Sequitur
1017 3786 1128 3841 autem
1156 3800 1254 3845 oeram

149 3894 304 3961 Romenae
325 3888 467 3975 historiae
489 3888 731 3970 Varroniennm,
752 3908 879 3975 exque
901 3885 980 3953 belli
1001 3886 1103 3955 civilis
1124 3888 1253 3957 initium
1274 3925 1283 3933 -

90 3988 94 3995 ⁵
150 4006 182 4071 in
201 4006 244 4069 A.
261 4002 309 4069 U.
335 3999 463 4076 Dccv
484 4010 560 4065 ante
582 4000 623 4065 C.
639 3998 694 4065 49.
717 3996 841 4077 incidit,
863 3999 1031 4090 ponitque,
1050 4012 1089 4066 ut
1109 4000 1253 4069 calculos

149 4112 208 4193 sibi
229 4123 369 4191 constet,
390 4122 425 4178 et
446 4110 565 4200 probat
586 4121 701 4179 contre
719 4110 907 4179 sententiam
928 4111 991 4181 viri
1017 4112 1096 4180 cler.
1120 4114 1174 4221 Dr
1198 4114 1251 4187 Le
