<?xml version="1.0" encoding="UTF-8"?>
<!DOCTYPE html PUBLIC "-//W3C//DTD XHTML 1.0 Transitional//EN"
    "http://www.w3.org/TR/xhtml1/DTD/xhtml1-transitional.dtd">
<html xmlns="http://www.w3.org/1999/xhtml" xml:lang="en" lang="en">
 <head>
  <title>
</title>
<meta http-equiv="Content-Type" content="text/html;charset=utf-8" />
  <meta name='ocr-system' content='tesseract 3.04.00' />
  <meta name='ocr-capabilities' content='ocr_page ocr_carea ocr_par ocr_line ocrx_word'/>
</head>
<body>
  <div class='ocr_page' id='page_1' title='image "./cjuliicaesarisc00obergoog/cjuliicaesarisc00obergoog_0616.png"; bbox 0 0 2909 4809; ppageno 0'>
   <div class='ocr_carea' id='block_1_1' title="bbox 276 231 1023 330">
    <p class='ocr_par' dir='ltr' id='par_1_1' title="bbox 276 231 1023 330">
     <span class='ocr_line' id='line_1_1' title="bbox 276 231 1023 330; baseline -0.001 -27"><span class='ocrx_word' id='word_1_1' title='bbox 276 233 353 330; x_wconf 72' lang='grc' dir='ltr'><strong>ιιι-</strong></span> <span class='ocrx_word' id='word_1_2' title='bbox 602 233 645 302; x_wconf 90' lang='lat' dir='ltr'><strong>o.</strong></span> <span class='ocrx_word' id='word_1_3' title='bbox 666 231 1023 306; x_wconf 73' lang='lat' dir='ltr'><strong>runtcnannss</strong></span> 
     </span>
    </p>
   </div>
   <div class='ocr_carea' id='block_1_2' title="bbox 276 415 1373 781">
    <p class='ocr_par' dir='ltr' id='par_1_2' title="bbox 276 415 1373 781">
     <span class='ocr_line' id='line_1_2' title="bbox 277 415 1373 510; baseline -0.005 -19"><span class='ocrx_word' id='word_1_4' title='bbox 277 431 370 498; x_wconf 74' lang='lat' dir='ltr'><strong>runt,</strong></span> <span class='ocrx_word' id='word_1_5' title='bbox 390 439 494 509; x_wconf 83' lang='lat' dir='ltr'><strong>nsque</strong></span> <span class='ocrx_word' id='word_1_6' title='bbox 514 417 683 490; x_wconf 82' lang='lat' dir='ltr'><strong>victorium</strong></span> <span class='ocrx_word' id='word_1_7' title='bbox 693 421 818 492; x_wconf 65' lang='lat' dir='ltr'><strong>botius</strong></span> <span class='ocrx_word' id='word_1_8' title='bbox 837 435 958 502; x_wconf 66' lang='lat' dir='ltr'><strong>tenen,</strong></span> <span class='ocrx_word' id='word_1_9' title='bbox 976 427 1093 510; x_wconf 75' lang='lat' dir='ltr'><strong>preter</strong></span> <span class='ocrx_word' id='word_1_10' title='bbox 1112 439 1213 488; x_wconf 85' lang='lat' dir='ltr'><strong>unum</strong></span> <span class='ocrx_word' id='word_1_11' title='bbox 1230 415 1270 485; x_wconf 80' lang='lat' dir='ltr'>L</span> <span class='ocrx_word' id='word_1_12' title='bbox 1291 417 1373 486; x_wconf 80' lang='lat' dir='ltr'><strong>Sul·</strong></span> 
     </span>
     <span class='ocr_line' id='line_1_3' title="bbox 278 505 1368 596; baseline -0.004 -22"><span class='ocrx_word' id='word_1_13' title='bbox 278 507 355 584; x_wconf 81' lang='lat' dir='ltr'><strong>lam,</strong></span> <span class='ocrx_word' id='word_1_14' title='bbox 367 529 464 594; x_wconf 90' lang='lat' dir='ltr'><strong>quem</strong></span> <span class='ocrx_word' id='word_1_15' title='bbox 477 507 662 576; x_wconf 83' lang='lat' dir='ltr'><strong>imitaturus</strong></span> <span class='ocrx_word' id='word_1_16' title='bbox 683 533 745 576; x_wconf 93' lang='lat' dir='ltr'><strong>non</strong></span> <span class='ocrx_word' id='word_1_17' title='bbox 759 533 829 578; x_wconf 86' lang='lat' dir='ltr'><strong>sum</strong></span> <span class='ocrx_word' id='word_1_18' title='bbox 844 507 910 576; x_wconf 75' lang='lat' dir='ltr'><strong>baec</strong></span> <span class='ocrx_word' id='word_1_19' title='bbox 923 531 1005 596; x_wconf 71' lang='lat' dir='ltr'><strong>noya</strong></span> <span class='ocrx_word' id='word_1_20' title='bbox 1024 507 1065 572; x_wconf 87' lang='lat' dir='ltr'><strong>sit</strong></span> <span class='ocrx_word' id='word_1_21' title='bbox 1087 506 1171 574; x_wconf 89' lang='lat' dir='ltr'><strong>ratio</strong></span> <span class='ocrx_word' id='word_1_22' title='bbox 1191 505 1368 573; x_wconf 88' lang='lat' dir='ltr'><strong>vincendi:</strong></span> 
     </span>
     <span class='ocr_line' id='line_1_4' title="bbox 278 593 1370 681; baseline -0.006 -16"><span class='ocrx_word' id='word_1_23' title='bbox 278 606 318 665; x_wconf 82' lang='lat' dir='ltr'><strong>ut</strong></span> <span class='ocrx_word' id='word_1_24' title='bbox 337 593 552 660; x_wconf 70' lang='lat' dir='ltr'><strong>misericordia</strong></span> <span class='ocrx_word' id='word_1_25' title='bbox 570 608 606 662; x_wconf 89' lang='lat' dir='ltr'><strong>et</strong></span> <span class='ocrx_word' id='word_1_26' title='bbox 624 595 817 662; x_wconf 85' lang='lat' dir='ltr'><strong>liberalitate</strong></span> <span class='ocrx_word' id='word_1_27' title='bbox 829 618 886 662; x_wconf 88' lang='lat' dir='ltr'><strong>nos</strong></span> <span class='ocrx_word' id='word_1_28' title='bbox 905 593 1092 676; x_wconf 82' lang='lat' dir='ltr'><strong>muniamus.</strong></span> <span class='ocrx_word' id='word_1_29' title='bbox 1112 594 1145 659; x_wconf 92' lang='lat' dir='ltr'><strong>id</strong></span> <span class='ocrx_word' id='word_1_30' title='bbox 1157 593 1370 681; x_wconf 82' lang='lat' dir='ltr'><strong>qnenmdmo-</strong></span> 
     </span>
     <span class='ocr_line' id='line_1_5' title="bbox 276 677 1370 781; baseline -0.005 -32"><span class='ocrx_word' id='word_1_31' title='bbox 276 678 354 749; x_wconf 85' lang='lat' dir='ltr'><strong>dum</strong></span> <span class='ocrx_word' id='word_1_32' title='bbox 366 678 434 781; x_wconf 71' lang='lat' dir='ltr'><strong>fieri</strong></span> <span class='ocrx_word' id='word_1_33' title='bbox 447 681 561 768; x_wconf 82' lang='lat' dir='ltr'><strong>possit,</strong></span> <span class='ocrx_word' id='word_1_34' title='bbox 575 682 731 748; x_wconf 83' lang='lat' dir='ltr'><strong>nonnulla</strong></span> <span class='ocrx_word' id='word_1_35' title='bbox 743 681 819 748; x_wconf 91' lang='lat' dir='ltr'><strong>mihi</strong></span> <span class='ocrx_word' id='word_1_36' title='bbox 833 681 866 748; x_wconf 93' lang='lat' dir='ltr'><strong>in</strong></span> <span class='ocrx_word' id='word_1_37' title='bbox 880 693 1017 748; x_wconf 81' lang='lat' dir='ltr'><strong>mentem</strong></span> <span class='ocrx_word' id='word_1_38' title='bbox 1030 677 1163 746; x_wconf 88' lang='lat' dir='ltr'><strong>veniunt</strong></span> <span class='ocrx_word' id='word_1_39' title='bbox 1176 703 1185 752; x_wconf 91' lang='lat'><strong>:</strong></span> <span class='ocrx_word' id='word_1_40' title='bbox 1210 691 1247 744; x_wconf 86' lang='lat' dir='ltr'><strong>et</strong></span> <span class='ocrx_word' id='word_1_41' title='bbox 1258 679 1370 744; x_wconf 71' lang='lat' dir='ltr'><strong>mults</strong></span> 
     </span>
    </p>
   </div>
   <div class='ocr_carea' id='block_1_3' title="bbox 35 756 1368 867">
    <p class='ocr_par' dir='ltr' id='par_1_3' title="bbox 35 756 1368 867">
     <span class='ocr_line' id='line_1_6' title="bbox 35 756 1368 867; baseline -0.001 -35"><span class='ocrx_word' id='word_1_42' title='bbox 35 787 40 798; x_wconf 92' lang='lat'><strong>·</strong></span> <span class='ocrx_word' id='word_1_43' title='bbox 178 816 182 825; x_wconf 91' lang='lat'><em>.</em></span> <span class='ocrx_word' id='word_1_44' title='bbox 276 756 411 866; x_wconf 72' lang='lat' dir='ltr'><strong>reperiri</strong></span> <span class='ocrx_word' id='word_1_45' title='bbox 427 779 570 867; x_wconf 78' lang='lat' dir='ltr'><strong>possum.</strong></span> <span class='ocrx_word' id='word_1_46' title='bbox 615 769 667 834; x_wconf 87' lang='lat' dir='ltr'><strong>De</strong></span> <span class='ocrx_word' id='word_1_47' title='bbox 687 767 737 835; x_wconf 90' lang='lat' dir='ltr'><strong>his</strong></span> <span class='ocrx_word' id='word_1_48' title='bbox 759 767 867 843; x_wconf 87' lang='lat' dir='ltr'><strong>rebus,</strong></span> <span class='ocrx_word' id='word_1_49' title='bbox 948 790 969 832; x_wconf 95' lang='grc' dir='ltr'><strong>ο</strong></span> <span class='ocrx_word' id='word_1_50' title='bbox 990 788 1057 842; x_wconf 83' lang='grc' dir='ltr'><strong>νοι,</strong></span> <span class='ocrx_word' id='word_1_51' title='bbox 1079 778 1119 832; x_wconf 91' lang='lat' dir='ltr'><strong>ut</strong></span> <span class='ocrx_word' id='word_1_52' title='bbox 1133 765 1368 854; x_wconf 80' lang='lat' dir='ltr'><strong>cogitationem</strong></span> 
     </span>
    </p>
   </div>
   <div class='ocr_carea' id='block_1_4' title="bbox 275 850 1365 1113">
    <p class='ocr_par' dir='ltr' id='par_1_4' title="bbox 275 850 1365 1113">
     <span class='ocr_line' id='line_1_7' title="bbox 277 850 1365 954; baseline -0.001 -38"><span class='ocrx_word' id='word_1_53' title='bbox 277 865 466 953; x_wconf 72' lang='lat' dir='ltr'><strong>suscipiatis.</strong></span> <span class='ocrx_word' id='word_1_54' title='bbox 501 853 749 954; x_wconf 38' lang='lat' dir='ltr'><strong>’Cnchginm</strong></span> <span class='ocrx_word' id='word_1_55' title='bbox 771 853 914 942; x_wconf 90' lang='lat' dir='ltr'><strong>Pompeii</strong></span> <span class='ocrx_word' id='word_1_56' title='bbox 957 853 1130 954; x_wconf 66' lang='lat' dir='ltr'><strong>relectum,</strong></span> <span class='ocrx_word' id='word_1_57' title='bbox 1142 850 1365 954; x_wconf 71' lang='lat' dir='ltr'><strong>deprehendi:</strong></span> 
     </span>
     <span class='ocr_line' id='line_1_8' title="bbox 275 936 1365 1113; baseline 0 -25"><span class='ocrx_word' id='word_1_58' title='bbox 275 937 889 1092; x_wconf 55' lang='lat' dir='ltr'><strong>fflffiffigssssimgfflussogf</strong></span> <span class='ocrx_word' id='word_1_59' title='bbox 908 936 1365 1113; x_wconf 54' lang='lat' dir='ltr'><strong>‘lin&#39;llffmmffiefdl</strong></span> 
     </span>
    </p>
   </div>
   <div class='ocr_carea' id='block_1_5' title="bbox 142 1108 1366 1200">
    <p class='ocr_par' dir='ltr' id='par_1_5' title="bbox 142 1108 1366 1200">
     <span class='ocr_line' id='line_1_9' title="bbox 142 1108 1366 1200; baseline -0.001 -25"><span class='ocrx_word' id='word_1_60' title='bbox 142 1125 145 1128; x_wconf 82' lang='grc'><strong>’</strong></span> <span class='ocrx_word' id='word_1_61' title='bbox 275 1121 433 1176; x_wconf 82' lang='lat' dir='ltr'><strong>venerunt</strong></span> <span class='ocrx_word' id='word_1_62' title='bbox 451 1122 486 1174; x_wconf 90' lang='lat' dir='ltr'><strong>et</strong></span> <span class='ocrx_word' id='word_1_63' title='bbox 497 1133 518 1174; x_wconf 89' lang='lat' dir='ltr'><strong>a</strong></span> <span class='ocrx_word' id='word_1_64' title='bbox 529 1134 581 1178; x_wconf 87' lang='lat' dir='ltr'><strong>me</strong></span> <span class='ocrx_word' id='word_1_65' title='bbox 594 1111 679 1178; x_wconf 87' lang='lat' dir='ltr'><strong>missi</strong></span> <span class='ocrx_word' id='word_1_66' title='bbox 692 1124 778 1178; x_wconf 90' lang='lat' dir='ltr'><strong>sunt.</strong></span> <span class='ocrx_word' id='word_1_67' title='bbox 799 1112 824 1176; x_wconf 89' lang='lat' dir='ltr'><strong>si</strong></span> <span class='ocrx_word' id='word_1_68' title='bbox 843 1134 884 1176; x_wconf 85' lang='lat' dir='ltr'><strong>vo</strong></span> <span class='ocrx_word' id='word_1_69' title='bbox 897 1124 953 1177; x_wconf 87' lang='lat' dir='ltr'><strong>ent</strong></span> <span class='ocrx_word' id='word_1_70' title='bbox 978 1110 1064 1200; x_wconf 78' lang='lat' dir='ltr'><strong>greti</strong></span> <span class='ocrx_word' id='word_1_71' title='bbox 1088 1133 1165 1189; x_wconf 88' lang='lat' dir='ltr'><strong>esse,</strong></span> <span class='ocrx_word' id='word_1_72' title='bbox 1190 1108 1366 1176; x_wconf 88' lang='lat' dir='ltr'><strong>debebunt</strong></span> 
     </span>
    </p>
   </div>
   <div class='ocr_carea' id='block_1_6' title="bbox 275 1194 1364 1370">
    <p class='ocr_par' dir='ltr' id='par_1_6' title="bbox 275 1194 1364 1370">
     <span class='ocr_line' id='line_1_10' title="bbox 279 1194 1362 1296; baseline -0.003 -33"><span class='ocrx_word' id='word_1_73' title='bbox 279 1195 466 1296; x_wconf 82' lang='lat' dir='ltr'><strong>Pompeium</strong></span> <span class='ocrx_word' id='word_1_74' title='bbox 480 1194 616 1274; x_wconf 81' lang='lat' dir='ltr'><strong>hortari,</strong></span> <span class='ocrx_word' id='word_1_75' title='bbox 638 1209 678 1262; x_wconf 90' lang='lat' dir='ltr'><strong>ut</strong></span> <span class='ocrx_word' id='word_1_76' title='bbox 696 1198 790 1264; x_wconf 86' lang='lat' dir='ltr'><strong>malit</strong></span> <span class='ocrx_word' id='word_1_77' title='bbox 806 1197 882 1264; x_wconf 91' lang='lat' dir='ltr'><strong>mihi</strong></span> <span class='ocrx_word' id='word_1_78' title='bbox 900 1221 966 1262; x_wconf 85' lang='lat' dir='ltr'><strong>esse</strong></span> <span class='ocrx_word' id='word_1_79' title='bbox 978 1197 1108 1272; x_wconf 86' lang='lat' dir='ltr'><strong>amicus,</strong></span> <span class='ocrx_word' id='word_1_80' title='bbox 1123 1218 1222 1283; x_wconf 82' lang='lat' dir='ltr'><strong>quam</strong></span> <span class='ocrx_word' id='word_1_81' title='bbox 1235 1195 1287 1296; x_wconf 67' lang='lat' dir='ltr'><strong>iis,</strong></span> <span class='ocrx_word' id='word_1_82' title='bbox 1303 1196 1362 1280; x_wconf 89' lang='lat' dir='ltr'><strong>qui</strong></span> 
     </span>
     <span class='ocr_line' id='line_1_11' title="bbox 275 1279 1364 1370; baseline 0.002 -26"><span class='ocrx_word' id='word_1_83' title='bbox 275 1293 310 1345; x_wconf 87' lang='lat' dir='ltr'><strong>et</strong></span> <span class='ocrx_word' id='word_1_84' title='bbox 323 1281 372 1346; x_wconf 81' lang='lat' dir='ltr'><strong>rllr</strong></span> <span class='ocrx_word' id='word_1_85' title='bbox 384 1294 418 1345; x_wconf 88' lang='lat' dir='ltr'><strong>et</strong></span> <span class='ocrx_word' id='word_1_86' title='bbox 440 1282 517 1363; x_wconf 82' lang='lat' dir='ltr'><strong>rpibi</strong></span> <span class='ocrx_word' id='word_1_87' title='bbox 531 1307 595 1349; x_wconf 90' lang='lat' dir='ltr'><strong>sem</strong></span> <span class='ocrx_word' id='word_1_88' title='bbox 636 1307 653 1350; x_wconf 89' lang='grc' dir='ltr'><strong>ι·</strong></span> <span class='ocrx_word' id='word_1_89' title='bbox 668 1284 800 1352; x_wconf 82' lang='lat' dir='ltr'><strong>fuerunt</strong></span> <span class='ocrx_word' id='word_1_90' title='bbox 814 1283 1036 1348; x_wconf 73' lang='lat' dir='ltr'><strong>inimicissimi:</strong></span> <span class='ocrx_word' id='word_1_91' title='bbox 1059 1305 1198 1370; x_wconf 87' lang='lat' dir='ltr'><strong>quornm</strong></span> <span class='ocrx_word' id='word_1_92' title='bbox 1215 1279 1364 1346; x_wconf 76' lang='lat' dir='ltr'><strong>artificns</strong></span> 
     </span>
    </p>
   </div>
   <div class='ocr_carea' id='block_1_7' title="bbox 202 1365 1363 1533">
    <p class='ocr_par' dir='ltr' id='par_1_7' title="bbox 202 1365 1363 1533">
     <span class='ocr_line' id='line_1_12' title="bbox 272 1365 1363 1460; baseline 0.002 -29"><span class='ocrx_word' id='word_1_93' title='bbox 272 1365 422 1432; x_wconf 85' lang='lat' dir='ltr'><strong>effectum</strong></span> <span class='ocrx_word' id='word_1_94' title='bbox 441 1379 501 1443; x_wconf 88' lang='lat' dir='ltr'><strong>est,</strong></span> <span class='ocrx_word' id='word_1_95' title='bbox 522 1381 561 1434; x_wconf 91' lang='lat' dir='ltr'><strong>ut</strong></span> <span class='ocrx_word' id='word_1_96' title='bbox 627 1394 676 1460; x_wconf 92' lang='lat' dir='ltr'><strong>sp.</strong></span> <span class='ocrx_word' id='word_1_97' title='bbox 690 1371 723 1436; x_wconf 92' lang='lat' dir='ltr'><strong>in</strong></span> <span class='ocrx_word' id='word_1_98' title='bbox 736 1370 820 1436; x_wconf 91' lang='lat' dir='ltr'><strong>hunc</strong></span> <span class='ocrx_word' id='word_1_99' title='bbox 843 1380 964 1436; x_wconf 86' lang='lat' dir='ltr'><strong>statum</strong></span> <span class='ocrx_word' id='word_1_100' title='bbox 983 1367 1276 1457; x_wconf 76' lang='lat' dir='ltr'><strong>perveniret—Ec</strong></span> <span class='ocrx_word' id='word_1_101' title='bbox 1292 1367 1363 1434; x_wconf 78' lang='lat' dir='ltr'><strong>Cic.</strong></span> 
     </span>
     <span class='ocr_line' id='line_1_13' title="bbox 202 1451 738 1533; baseline 0.013 -21"><span class='ocrx_word' id='word_1_102' title='bbox 202 1499 207 1512; x_wconf 95' lang='lat'><em>.</em></span> <span class='ocrx_word' id='word_1_103' title='bbox 273 1451 318 1518; x_wconf 77' lang='lat' dir='ltr'><strong>nd</strong></span> <span class='ocrx_word' id='word_1_104' title='bbox 330 1452 430 1520; x_wconf 77' lang='lat' dir='ltr'><strong>Attis.</strong></span> <span class='ocrx_word' id='word_1_105' title='bbox 444 1453 478 1533; x_wconf 83' lang='lat'><strong>9,</strong></span> <span class='ocrx_word' id='word_1_106' title='bbox 491 1455 522 1521; x_wconf 88' lang='grc'><strong>8.</strong></span> <span class='ocrx_word' id='word_1_107' title='bbox 731 1468 738 1488; x_wconf 67' lang='grc'><strong>’</strong></span> 
     </span>
    </p>
   </div>
   <div class='ocr_carea' id='block_1_8' title="bbox 339 1600 1362 1730">
    <p class='ocr_par' dir='ltr' id='par_1_8' title="bbox 339 1600 1362 1730">
     <span class='ocr_line' id='line_1_14' title="bbox 339 1600 1362 1730; baseline 0.002 -78"><span class='ocrx_word' id='word_1_108' title='bbox 339 1600 452 1730; x_wconf 51' lang='grc' dir='ltr'><strong>Ρίῗῐὲτῦ.</strong></span> <span class='ocrx_word' id='word_1_109' title='bbox 472 1607 495 1664; x_wconf 88' lang='lat' dir='ltr'><strong>l,</strong></span> <span class='ocrx_word' id='word_1_110' title='bbox 510 1608 552 1664; x_wconf 71' lang='lat'><strong>28,</strong></span> <span class='ocrx_word' id='word_1_111' title='bbox 567 1607 608 1656; x_wconf 75' lang='lat'><strong>24.</strong></span> <span class='ocrx_word' id='word_1_112' title='bbox 654 1603 757 1655; x_wconf 75' lang='lat' dir='ltr'><strong>Montio</strong></span> <span class='ocrx_word' id='word_1_113' title='bbox 775 1619 877 1668; x_wconf 83' lang='lat' dir='ltr'><strong>quoque</strong></span> <span class='ocrx_word' id='word_1_114' title='bbox 897 1603 972 1668; x_wconf 85' lang='lat' dir='ltr'><strong>hujus</strong></span> <span class='ocrx_word' id='word_1_115' title='bbox 990 1602 1103 1670; x_wconf 69' lang='lat' dir='ltr'><strong>epistolas</strong></span> <span class='ocrx_word' id='word_1_116' title='bbox 1120 1603 1149 1654; x_wconf 78' lang='lat' dir='ltr'><strong>ut</strong></span> <span class='ocrx_word' id='word_1_117' title='bbox 1165 1603 1234 1667; x_wconf 77' lang='lat' dir='ltr'><strong>epod</strong></span> <span class='ocrx_word' id='word_1_118' title='bbox 1255 1601 1362 1654; x_wconf 74' lang='lat' dir='ltr'><strong>(lebrm</strong></span> 
     </span>
    </p>
   </div>
   <div class='ocr_carea' id='block_1_9' title="bbox 444 1779 1177 1898">
    <p class='ocr_par' dir='ltr' id='par_1_9' title="bbox 444 1779 1177 1898">
     <span class='ocr_line' id='line_1_15' title="bbox 444 1779 1177 1898; baseline -0.005 -2"><span class='ocrx_word' id='word_1_119' title='bbox 444 1827 609 1896; x_wconf 78' lang='lat' dir='ltr'><strong>cnsnn</strong></span> <span class='ocrx_word' id='word_1_120' title='bbox 631 1827 772 1896; x_wconf 77' lang='lat' dir='ltr'><strong>oeno</strong></span> <span class='ocrx_word' id='word_1_121' title='bbox 794 1779 853 1898; x_wconf 83' lang='lat' dir='ltr'><strong>nn</strong></span> <span class='ocrx_word' id='word_1_122' title='bbox 876 1825 1116 1898; x_wconf 80' lang='lat' dir='ltr'><strong>connnmo</strong></span> <span class='ocrx_word' id='word_1_123' title='bbox 1140 1829 1177 1894; x_wconf 89' lang='lat' dir='ltr'><strong>s.</strong></span> 
     </span>
    </p>
   </div>
   <div class='ocr_carea' id='block_1_10' title="bbox 271 1962 1360 2240">
    <p class='ocr_par' dir='ltr' id='par_1_10' title="bbox 271 1962 1360 2240">
     <span class='ocr_line' id='line_1_16' title="bbox 274 1962 1360 2036; baseline -0.001 -6"><span class='ocrx_word' id='word_1_124' title='bbox 274 1966 316 2030; x_wconf 74' lang='lat' dir='ltr'><strong>A.</strong></span> <span class='ocrx_word' id='word_1_125' title='bbox 342 1963 385 2028; x_wconf 90' lang='lat' dir='ltr'><strong>D.</strong></span> <span class='ocrx_word' id='word_1_126' title='bbox 411 1962 490 2031; x_wconf 87' lang='lat' dir='ltr'><strong>VII.</strong></span> <span class='ocrx_word' id='word_1_127' title='bbox 518 1965 570 2031; x_wconf 90' lang='lat' dir='ltr'><strong>In.</strong></span> <span class='ocrx_word' id='word_1_128' title='bbox 603 1966 723 2036; x_wconf 80' lang='lat' dir='ltr'><strong>Msnr.</strong></span> <span class='ocrx_word' id='word_1_129' title='bbox 758 1966 995 2032; x_wconf 73' lang='lat' dir='ltr'><strong>Bnnrsnusrnn</strong></span> <span class='ocrx_word' id='word_1_130' title='bbox 1026 1965 1116 2032; x_wconf 86' lang='lat' dir='ltr'><strong>veni:</strong></span> <span class='ocrx_word' id='word_1_131' title='bbox 1155 1963 1197 2029; x_wconf 83' lang='lat' dir='ltr'><strong>ad</strong></span> <span class='ocrx_word' id='word_1_132' title='bbox 1228 1985 1360 2030; x_wconf 87' lang='lat' dir='ltr'><strong>murum</strong></span> 
     </span>
     <span class='ocr_line' id='line_1_17' title="bbox 271 2051 1357 2140; baseline -0.002 -24"><span class='ocrx_word' id='word_1_133' title='bbox 271 2063 376 2116; x_wconf 82' lang='lat' dir='ltr'><strong>castra</strong></span> <span class='ocrx_word' id='word_1_134' title='bbox 399 2052 499 2139; x_wconf 88' lang='lat' dir='ltr'><strong>posui.</strong></span> <span class='ocrx_word' id='word_1_135' title='bbox 551 2053 717 2140; x_wconf 90' lang='lat' dir='ltr'><strong>Pompeius</strong></span> <span class='ocrx_word' id='word_1_136' title='bbox 743 2067 790 2119; x_wconf 75' lang='lat' dir='ltr'><strong>est</strong></span> <span class='ocrx_word' id='word_1_137' title='bbox 814 2053 1004 2119; x_wconf 80' lang='lat' dir='ltr'><strong>Brundusii:</strong></span> <span class='ocrx_word' id='word_1_138' title='bbox 1036 2053 1122 2118; x_wconf 88' lang='lat' dir='ltr'><strong>misit</strong></span> <span class='ocrx_word' id='word_1_139' title='bbox 1146 2051 1188 2116; x_wconf 85' lang='lat' dir='ltr'><strong>sd</strong></span> <span class='ocrx_word' id='word_1_140' title='bbox 1208 2073 1261 2115; x_wconf 88' lang='lat' dir='ltr'><strong>me</strong></span> <span class='ocrx_word' id='word_1_141' title='bbox 1293 2051 1357 2117; x_wconf 89' lang='lat' dir='ltr'><strong>Cn.</strong></span> 
     </span>
     <span class='ocr_line' id='line_1_18' title="bbox 273 2136 1360 2240; baseline 0.005 -40"><span class='ocrx_word' id='word_1_142' title='bbox 273 2136 422 2237; x_wconf 65' lang='lat' dir='ltr'><strong>bingium</strong></span> <span class='ocrx_word' id='word_1_143' title='bbox 446 2139 488 2204; x_wconf 92' lang='lat' dir='ltr'><strong>de</strong></span> <span class='ocrx_word' id='word_1_144' title='bbox 511 2161 599 2226; x_wconf 84' lang='lat' dir='ltr'><strong>pace.</strong></span> <span class='ocrx_word' id='word_1_145' title='bbox 620 2163 693 2240; x_wconf 82' lang='lat' dir='ltr'><strong>quae</strong></span> <span class='ocrx_word' id='word_1_146' title='bbox 712 2139 779 2204; x_wconf 84' lang='lat' dir='ltr'><strong>visa</strong></span> <span class='ocrx_word' id='word_1_147' title='bbox 800 2150 887 2215; x_wconf 87' lang='lat' dir='ltr'><strong>sunt,</strong></span> <span class='ocrx_word' id='word_1_148' title='bbox 911 2139 1070 2228; x_wconf 75' lang='lat' dir='ltr'><strong>respondi.</strong></span> <span class='ocrx_word' id='word_1_149' title='bbox 1095 2137 1153 2202; x_wconf 92' lang='lat' dir='ltr'><strong>hoc</strong></span> <span class='ocrx_word' id='word_1_150' title='bbox 1176 2159 1233 2203; x_wconf 88' lang='lat' dir='ltr'><strong>vos</strong></span> <span class='ocrx_word' id='word_1_151' title='bbox 1247 2137 1360 2205; x_wconf 83' lang='lat' dir='ltr'><strong>statim</strong></span> 
     </span>
    </p>
   </div>
   <div class='ocr_carea' id='block_1_11' title="bbox 271 2222 1362 2314">
    <p class='ocr_par' dir='ltr' id='par_1_11' title="bbox 271 2222 1362 2314">
     <span class='ocr_line' id='line_1_19' title="bbox 271 2222 1362 2314; baseline 0.002 -27"><span class='ocrx_word' id='word_1_152' title='bbox 271 2245 352 2287; x_wconf 83' lang='lat' dir='ltr'><strong>scrre</strong></span> <span class='ocrx_word' id='word_1_153' title='bbox 366 2223 467 2288; x_wconf 72' lang='lat' dir='ltr'><strong>volni·</strong></span> <span class='ocrx_word' id='word_1_154' title='bbox 513 2225 622 2299; x_wconf 85' lang='lat' dir='ltr'><strong>Quum</strong></span> <span class='ocrx_word' id='word_1_155' title='bbox 635 2247 668 2290; x_wconf 91' lang='lat' dir='ltr'><strong>m</strong></span> <span class='ocrx_word' id='word_1_156' title='bbox 682 2249 771 2314; x_wconf 90' lang='lat' dir='ltr'><strong>spem</strong></span> <span class='ocrx_word' id='word_1_157' title='bbox 785 2247 914 2302; x_wconf 84' lang='lat' dir='ltr'><strong>venero,</strong></span> <span class='ocrx_word' id='word_1_158' title='bbox 935 2226 1060 2291; x_wconf 88' lang='lat' dir='ltr'><strong>decom</strong></span> <span class='ocrx_word' id='word_1_159' title='bbox 1105 2223 1218 2289; x_wconf 87' lang='lat' dir='ltr'><strong>sitione</strong></span> <span class='ocrx_word' id='word_1_160' title='bbox 1235 2222 1362 2310; x_wconf 82' lang='lat' dir='ltr'><strong>aliquid</strong></span> 
     </span>
    </p>
   </div>
   <div class='ocr_carea' id='block_1_12' title="bbox 249 2309 1362 2470">
    <p class='ocr_par' dir='ltr' id='par_1_12' title="bbox 249 2309 1362 2470">
     <span class='ocr_line' id='line_1_20' title="bbox 249 2309 1362 2460; baseline 0.001 -87"><span class='ocrx_word' id='word_1_161' title='bbox 249 2341 253 2346; x_wconf 93' lang='lat'>·</span> <span class='ocrx_word' id='word_1_162' title='bbox 271 2329 323 2458; x_wconf 66' lang='lat' dir='ltr'><strong>pre</strong></span> <span class='ocrx_word' id='word_1_163' title='bbox 331 2309 499 2460; x_wconf 66' lang='lat' dir='ltr'><strong>ppnficere,</strong></span> <span class='ocrx_word' id='word_1_164' title='bbox 517 2310 627 2375; x_wconf 83' lang='lat' dir='ltr'><strong>statim</strong></span> <span class='ocrx_word' id='word_1_165' title='bbox 648 2333 705 2377; x_wconf 80' lang='lat' dir='ltr'><strong>vos</strong></span> <span class='ocrx_word' id='word_1_166' title='bbox 716 2313 868 2378; x_wconf 84' lang='lat' dir='ltr'><strong>certiores</strong></span> <span class='ocrx_word' id='word_1_167' title='bbox 881 2311 1048 2380; x_wconf 82' lang='lat' dir='ltr'><strong>faciam-</strong></span> <span class='ocrx_word' id='word_1_168' title='bbox 1118 2309 1183 2376; x_wconf 77' lang='lat' dir='ltr'><strong>otc.</strong></span> <span class='ocrx_word' id='word_1_169' title='bbox 1200 2309 1245 2374; x_wconf 84' lang='lat' dir='ltr'><strong>ad</strong></span> <span class='ocrx_word' id='word_1_170' title='bbox 1258 2309 1362 2376; x_wconf 75' lang='lat' dir='ltr'><strong>Attis.</strong></span> 
     </span>
     <span class='ocr_line' id='line_1_21' title="bbox 294 2436 379 2470; baseline 0 -9"><span class='ocrx_word' id='word_1_171' title='bbox 294 2436 305 2470; x_wconf 90' lang='lat'><strong>,</strong></span> <span class='ocrx_word' id='word_1_172' title='bbox 371 2443 379 2461; x_wconf 84' lang='lat'><strong><em>.</em></strong></span> 
     </span>
    </p>
   </div>
   <div class='ocr_carea' id='block_1_13' title="bbox 370 2541 688 2610">
    <p class='ocr_par' dir='ltr' id='par_1_13' title="bbox 370 2541 688 2610">
     <span class='ocr_line' id='line_1_22' title="bbox 370 2541 688 2610; baseline 0.013 -17"><span class='ocrx_word' id='word_1_173' title='bbox 370 2541 487 2594; x_wconf 74' lang='lat' dir='ltr'><strong>Hebetet</strong></span> <span class='ocrx_word' id='word_1_174' title='bbox 496 2543 585 2596; x_wconf 81' lang='lat' dir='ltr'><strong>Celsus</strong></span> <span class='ocrx_word' id='word_1_175' title='bbox 595 2561 622 2610; x_wconf 82' lang='lat' dir='ltr'><strong>p.</strong></span> <span class='ocrx_word' id='word_1_176' title='bbox 633 2549 688 2597; x_wconf 83' lang='lat'>188.</span> 
     </span>
    </p>
   </div>
   <div class='ocr_carea' id='block_1_14' title="bbox 269 2741 1362 3694">
    <p class='ocr_par' dir='ltr' id='par_1_14' title="bbox 269 2741 1362 3694">
     <span class='ocr_line' id='line_1_23' title="bbox 316 2741 1361 2844; baseline 0 -36"><span class='ocrx_word' id='word_1_177' title='bbox 316 2742 369 2808; x_wconf 90' lang='lat' dir='ltr'><strong>De</strong></span> <span class='ocrx_word' id='word_1_178' title='bbox 386 2743 510 2809; x_wconf 74' lang='lat' dir='ltr'><strong>cesare</strong></span> <span class='ocrx_word' id='word_1_179' title='bbox 524 2743 654 2833; x_wconf 80' lang='lat' dir='ltr'><strong>fugerat</strong></span> <span class='ocrx_word' id='word_1_180' title='bbox 672 2767 723 2810; x_wconf 92' lang='lat' dir='ltr'><strong>me</strong></span> <span class='ocrx_word' id='word_1_181' title='bbox 737 2742 779 2810; x_wconf 80' lang='lat' dir='ltr'><strong>cd</strong></span> <span class='ocrx_word' id='word_1_182' title='bbox 800 2755 833 2808; x_wconf 88' lang='lat' dir='ltr'><strong>te</strong></span> <span class='ocrx_word' id='word_1_183' title='bbox 848 2743 998 2810; x_wconf 87' lang='lat' dir='ltr'><strong>scribere.</strong></span> <span class='ocrx_word' id='word_1_184' title='bbox 1044 2741 1149 2810; x_wconf 86' lang='lat' dir='ltr'><strong>Video</strong></span> <span class='ocrx_word' id='word_1_185' title='bbox 1163 2741 1261 2818; x_wconf 88' lang='lat' dir='ltr'><strong>enim,</strong></span> <span class='ocrx_word' id='word_1_186' title='bbox 1279 2764 1361 2844; x_wconf 75' lang='lat' dir='ltr'><strong>quus</strong></span> 
     </span>
     <span class='ocr_line' id='line_1_24' title="bbox 271 2827 1359 2919; baseline -0.001 -25"><span class='ocrx_word' id='word_1_187' title='bbox 271 2840 310 2894; x_wconf 90' lang='lat' dir='ltr'><strong>tu</strong></span> <span class='ocrx_word' id='word_1_188' title='bbox 323 2828 446 2895; x_wconf 85' lang='lat' dir='ltr'><strong>litteras</strong></span> <span class='ocrx_word' id='word_1_189' title='bbox 459 2831 662 2918; x_wconf 84' lang='lat' dir='ltr'><strong>exspectaris.</strong></span> <span class='ocrx_word' id='word_1_190' title='bbox 692 2906 694 2910; x_wconf 17' lang='lat'>⁸</span> <span class='ocrx_word' id='word_1_191' title='bbox 708 2829 775 2896; x_wconf 86' lang='lat' dir='ltr'><strong>Sed</strong></span> <span class='ocrx_word' id='word_1_192' title='bbox 789 2829 842 2896; x_wconf 91' lang='lat' dir='ltr'><strong>ille</strong></span> <span class='ocrx_word' id='word_1_193' title='bbox 857 2831 986 2919; x_wconf 83' lang='lat' dir='ltr'><strong>scripsit</strong></span> <span class='ocrx_word' id='word_1_194' title='bbox 999 2827 1039 2896; x_wconf 90' lang='lat' dir='ltr'><strong>ad</strong></span> <span class='ocrx_word' id='word_1_195' title='bbox 1054 2829 1206 2906; x_wconf 81' lang='lat' dir='ltr'><strong>Balbum,</strong></span> <span class='ocrx_word' id='word_1_196' title='bbox 1226 2829 1359 2894; x_wconf 71' lang='lat' dir='ltr'><strong>fescicu-</strong></span> 
     </span>
     <span class='ocr_line' id='line_1_25' title="bbox 270 2913 1362 3004; baseline 0.001 -25"><span class='ocrx_word' id='word_1_197' title='bbox 270 2913 338 2980; x_wconf 85' lang='lat' dir='ltr'><strong>lnm</strong></span> <span class='ocrx_word' id='word_1_198' title='bbox 352 2914 444 2980; x_wconf 92' lang='lat' dir='ltr'><strong>illum</strong></span> <span class='ocrx_word' id='word_1_199' title='bbox 457 2917 676 3004; x_wconf 87' lang='lat' dir='ltr'><strong>epistolarum,</strong></span> <span class='ocrx_word' id='word_1_200' title='bbox 691 2916 725 2981; x_wconf 92' lang='lat' dir='ltr'><strong>in</strong></span> <span class='ocrx_word' id='word_1_201' title='bbox 739 2939 804 3002; x_wconf 90' lang='lat' dir='ltr'><strong>quo</strong></span> <span class='ocrx_word' id='word_1_202' title='bbox 819 2915 924 2982; x_wconf 78' lang='lat' dir='ltr'><strong>fuerat</strong></span> <span class='ocrx_word' id='word_1_203' title='bbox 937 2930 971 2981; x_wconf 88' lang='lat' dir='ltr'><strong>et</strong></span> <span class='ocrx_word' id='word_1_204' title='bbox 984 2939 1065 2992; x_wconf 77' lang='lat' dir='ltr'><strong>ntea,</strong></span> <span class='ocrx_word' id='word_1_205' title='bbox 1080 2928 1115 2980; x_wconf 88' lang='lat' dir='ltr'><strong>et</strong></span> <span class='ocrx_word' id='word_1_206' title='bbox 1128 2915 1236 2991; x_wconf 84' lang='lat' dir='ltr'><strong>Balbi,</strong></span> <span class='ocrx_word' id='word_1_207' title='bbox 1253 2925 1362 2980; x_wconf 88' lang='lat' dir='ltr'><strong>totum</strong></span> 
     </span>
     <span class='ocr_line' id='line_1_26' title="bbox 271 2999 1360 3090; baseline 0.002 -26"><span class='ocrx_word' id='word_1_208' title='bbox 271 2999 333 3065; x_wconf 91' lang='lat' dir='ltr'><strong>sibi</strong></span> <span class='ocrx_word' id='word_1_209' title='bbox 347 3023 431 3088; x_wconf 83' lang='lat' dir='ltr'><strong>aqua</strong></span> <span class='ocrx_word' id='word_1_210' title='bbox 444 3001 606 3067; x_wconf 85' lang='lat' dir='ltr'><strong>madidum</strong></span> <span class='ocrx_word' id='word_1_211' title='bbox 621 3000 781 3067; x_wconf 86' lang='lat' dir='ltr'><strong>redditum</strong></span> <span class='ocrx_word' id='word_1_212' title='bbox 796 3023 876 3066; x_wconf 87' lang='lat' dir='ltr'><strong>esse:</strong></span> <span class='ocrx_word' id='word_1_213' title='bbox 901 3013 939 3066; x_wconf 91' lang='lat' dir='ltr'><strong>ut</strong></span> <span class='ocrx_word' id='word_1_214' title='bbox 959 3025 998 3068; x_wconf 89' lang='lat' dir='ltr'><strong>ne</strong></span> <span class='ocrx_word' id='word_1_215' title='bbox 1012 3001 1094 3067; x_wconf 92' lang='lat' dir='ltr'><strong>illud</strong></span> <span class='ocrx_word' id='word_1_216' title='bbox 1117 3001 1247 3090; x_wconf 89' lang='lat' dir='ltr'><strong>quidem</strong></span> <span class='ocrx_word' id='word_1_217' title='bbox 1267 3003 1360 3074; x_wconf 87' lang='lat' dir='ltr'><strong>sciat,</strong></span> 
     </span>
     <span class='ocr_line' id='line_1_27' title="bbox 272 3085 1361 3178; baseline 0.002 -28"><span class='ocrx_word' id='word_1_218' title='bbox 272 3106 374 3152; x_wconf 89' lang='lat' dir='ltr'><strong>meam</strong></span> <span class='ocrx_word' id='word_1_219' title='bbox 388 3087 482 3156; x_wconf 83' lang='lat' dir='ltr'><strong>fnisse</strong></span> <span class='ocrx_word' id='word_1_220' title='bbox 503 3087 645 3175; x_wconf 84' lang='lat' dir='ltr'><strong>aliquam</strong></span> <span class='ocrx_word' id='word_1_221' title='bbox 666 3085 842 3177; x_wconf 87' lang='lat' dir='ltr'><strong>epistolam.</strong></span> <span class='ocrx_word' id='word_1_222' title='bbox 859 3085 914 3152; x_wconf 90' lang='lat' dir='ltr'><strong>sed</strong></span> <span class='ocrx_word' id='word_1_223' title='bbox 929 3112 969 3154; x_wconf 86' lang='lat' dir='ltr'><strong>ex</strong></span> <span class='ocrx_word' id='word_1_224' title='bbox 985 3088 1080 3156; x_wconf 88' lang='lat' dir='ltr'><strong>Balbi</strong></span> <span class='ocrx_word' id='word_1_225' title='bbox 1099 3087 1236 3178; x_wconf 84' lang='lat' dir='ltr'><strong>epistola</strong></span> <span class='ocrx_word' id='word_1_226' title='bbox 1257 3109 1361 3176; x_wconf 77' lang='lat' dir='ltr'><strong>peuce</strong></span> 
     </span>
     <span class='ocr_line' id='line_1_28' title="bbox 270 3172 1359 3262; baseline 0 -24"><span class='ocrx_word' id='word_1_227' title='bbox 270 3173 370 3238; x_wconf 81' lang='lat' dir='ltr'><strong>verba</strong></span> <span class='ocrx_word' id='word_1_228' title='bbox 381 3172 594 3250; x_wconf 81' lang='lat' dir='ltr'><strong>intellexerat,</strong></span> <span class='ocrx_word' id='word_1_229' title='bbox 609 3174 650 3238; x_wconf 86' lang='lat' dir='ltr'><strong>ad</strong></span> <span class='ocrx_word' id='word_1_230' title='bbox 665 3197 738 3260; x_wconf 83' lang='lat' dir='ltr'><strong>quse</strong></span> <span class='ocrx_word' id='word_1_231' title='bbox 751 3173 913 3262; x_wconf 85' lang='lat' dir='ltr'><strong>rescripsit</strong></span> <span class='ocrx_word' id='word_1_232' title='bbox 928 3173 976 3240; x_wconf 91' lang='lat' dir='ltr'><strong>bis</strong></span> <span class='ocrx_word' id='word_1_233' title='bbox 990 3175 1111 3241; x_wconf 82' lang='lat' dir='ltr'><strong>verbis:</strong></span> <span class='ocrx_word' id='word_1_234' title='bbox 1157 3185 1179 3216; x_wconf 87' lang='lat'>“</span> <span class='ocrx_word' id='word_1_235' title='bbox 1196 3173 1249 3239; x_wconf 88' lang='lat' dir='ltr'><strong>De</strong></span> <span class='ocrx_word' id='word_1_236' title='bbox 1268 3175 1359 3238; x_wconf 90' lang='lat' dir='ltr'><strong>Cice·</strong></span> 
     </span>
     <span class='ocr_line' id='line_1_29' title="bbox 273 3257 1357 3350; baseline -0.001 -26"><span class='ocrx_word' id='word_1_237' title='bbox 273 3267 297 3298; x_wconf 77' lang='lat'><strong>‘⁴</strong></span> <span class='ocrx_word' id='word_1_238' title='bbox 312 3281 389 3326; x_wconf 89' lang='lat' dir='ltr'><strong>rone</strong></span> <span class='ocrx_word' id='word_1_239' title='bbox 404 3259 498 3326; x_wconf 84' lang='lat' dir='ltr'><strong>video</strong></span> <span class='ocrx_word' id='word_1_240' title='bbox 513 3271 545 3324; x_wconf 86' lang='lat' dir='ltr'><strong>te</strong></span> <span class='ocrx_word' id='word_1_241' title='bbox 565 3258 719 3347; x_wconf 81' lang='lat' dir='ltr'><strong>quiddam</strong></span> <span class='ocrx_word' id='word_1_242' title='bbox 734 3259 903 3348; x_wconf 88' lang='lat' dir='ltr'><strong>scripsisse,</strong></span> <span class='ocrx_word' id='word_1_243' title='bbox 927 3261 1017 3349; x_wconf 91' lang='lat' dir='ltr'><strong>quod</strong></span> <span class='ocrx_word' id='word_1_244' title='bbox 1035 3283 1096 3350; x_wconf 80' lang='lat' dir='ltr'><strong>ego</strong></span> <span class='ocrx_word' id='word_1_245' title='bbox 1111 3283 1179 3334; x_wconf 83' lang='lat' dir='ltr'><strong>non¹</strong></span> <span class='ocrx_word' id='word_1_246' title='bbox 1190 3257 1357 3326; x_wconf 83' lang='lat' dir='ltr'><strong>intellexi:</strong></span> 
     </span>
     <span class='ocr_line' id='line_1_30' title="bbox 272 3345 1360 3498; baseline 0.001 -89"><span class='ocrx_word' id='word_1_247' title='bbox 272 3350 295 3472; x_wconf 58' lang='grc' dir='ltr'>Σ</span> <span class='ocrx_word' id='word_1_248' title='bbox 311 3359 478 3498; x_wconf 61' lang='lat' dir='ltr'><strong>quppintumt</strong></span> <span class='ocrx_word' id='word_1_249' title='bbox 491 3358 599 3446; x_wconf 83' lang='lat' dir='ltr'><strong>autem</strong></span> <span class='ocrx_word' id='word_1_250' title='bbox 625 3347 810 3496; x_wconf 59' lang='lat' dir='ltr'><strong>contjaeddura</strong></span> <span class='ocrx_word' id='word_1_251' title='bbox 836 3347 1129 3498; x_wconf 49' lang='lat' dir='ltr'><strong>mquebarldid</strong></span> <span class='ocrx_word' id='word_1_252' title='bbox 1154 3358 1224 3412; x_wconf 88' lang='lat' dir='ltr'><strong>erat</strong></span> <span class='ocrx_word' id='word_1_253' title='bbox 1251 3345 1360 3462; x_wconf 45' lang='lat' dir='ltr'><strong>hujus:</strong></span> 
     </span>
     <span class='ocr_line' id='line_1_31' title="bbox 270 3447 1356 3617; baseline 0.002 -36"><span class='ocrx_word' id='word_1_254' title='bbox 270 3453 606 3617; x_wconf 39' lang='lat' dir='ltr'><strong>Itsnduelpoiteallibidi</strong></span> <span class='ocrx_word' id='word_1_255' title='bbox 616 3455 832 3582; x_wconf 55' lang='lat' dir='ltr'><strong>adeaesaliblm</strong></span> <span class='ocrx_word' id='word_1_256' title='bbox 839 3447 1356 3607; x_wconf 55' lang='lat' dir='ltr'><strong>qdlsadldrdillbaexbffiplbulilldlbb</strong></span> 
     </span>
     <span class='ocr_line' id='line_1_32' title="bbox 269 3602 1360 3694; baseline 0.004 -26"><span class='ocrx_word' id='word_1_257' title='bbox 269 3603 386 3668; x_wconf 87' lang='lat' dir='ltr'><strong>Jocum</strong></span> <span class='ocrx_word' id='word_1_258' title='bbox 396 3614 504 3668; x_wconf 82' lang='lat' dir='ltr'><strong>autem</strong></span> <span class='ocrx_word' id='word_1_259' title='bbox 516 3603 603 3668; x_wconf 78' lang='lat' dir='ltr'><strong>illius</strong></span> <span class='ocrx_word' id='word_1_260' title='bbox 612 3602 652 3667; x_wconf 94' lang='lat' dir='ltr'><strong>de</strong></span> <span class='ocrx_word' id='word_1_261' title='bbox 662 3627 719 3668; x_wconf 86' lang='lat' dir='ltr'><strong>sua</strong></span> <span class='ocrx_word' id='word_1_262' title='bbox 728 3615 871 3694; x_wconf 84' lang='lat' dir='ltr'><strong>egestate</strong></span> <span class='ocrx_word' id='word_1_263' title='bbox 884 3625 924 3670; x_wconf 85' lang='lat' dir='ltr'><strong>ne</strong></span> <span class='ocrx_word' id='word_1_264' title='bbox 934 3605 975 3671; x_wconf 82' lang='lat' dir='ltr'><strong>sis</strong></span> <span class='ocrx_word' id='word_1_265' title='bbox 986 3617 1184 3694; x_wconf 82' lang='lat' dir='ltr'><strong>aspernatus,</strong></span> <span class='ocrx_word' id='word_1_266' title='bbox 1196 3603 1360 3672; x_wconf 71' lang='lat' dir='ltr'><strong>ete-Er</strong></span> 
     </span>
    </p>
   </div>
   <div class='ocr_carea' id='block_1_15' title="bbox 269 3687 1358 3959">
    <p class='ocr_par' dir='ltr' id='par_1_15' title="bbox 269 3687 1358 3959">
     <span class='ocr_line' id='line_1_33' title="bbox 269 3687 737 3780; baseline 0.004 -27"><span class='ocrx_word' id='word_1_267' title='bbox 269 3687 336 3755; x_wconf 70' lang='lat' dir='ltr'><strong>cic.</strong></span> <span class='ocrx_word' id='word_1_268' title='bbox 351 3688 395 3754; x_wconf 86' lang='lat' dir='ltr'><strong>nd</strong></span> <span class='ocrx_word' id='word_1_269' title='bbox 409 3687 622 3780; x_wconf 77' lang='lat' dir='ltr'><strong>Quintumfr.</strong></span> <span class='ocrx_word' id='word_1_270' title='bbox 636 3689 670 3766; x_wconf 83' lang='lat'><strong>2,</strong></span> <span class='ocrx_word' id='word_1_271' title='bbox 689 3689 737 3756; x_wconf 83' lang='lat'><strong>12.</strong></span> 
     </span>
     <span class='ocr_line' id='line_1_34' title="bbox 313 3869 1358 3959; baseline 0.001 -24"><span class='ocrx_word' id='word_1_272' title='bbox 313 3870 404 3937; x_wconf 86' lang='lat' dir='ltr'><strong>Libri</strong></span> <span class='ocrx_word' id='word_1_273' title='bbox 417 3882 493 3936; x_wconf 88' lang='lat' dir='ltr'><strong>sunt</strong></span> <span class='ocrx_word' id='word_1_274' title='bbox 505 3869 714 3959; x_wconf 88' lang='lat' dir='ltr'><strong>epistolarum</strong></span> <span class='ocrx_word' id='word_1_275' title='bbox 730 3871 770 3935; x_wconf 82' lang='lat' dir='ltr'><strong>O.</strong></span> <span class='ocrx_word' id='word_1_276' title='bbox 787 3869 920 3938; x_wconf 73' lang='lat' dir='ltr'><strong>Cresaris</strong></span> <span class='ocrx_word' id='word_1_277' title='bbox 934 3869 976 3936; x_wconf 83' lang='lat' dir='ltr'><strong>sd</strong></span> <span class='ocrx_word' id='word_1_278' title='bbox 992 3869 1032 3936; x_wconf 83' lang='lat' dir='ltr'><strong>C.</strong></span> <span class='ocrx_word' id='word_1_279' title='bbox 1059 3870 1206 3958; x_wconf 87' lang='lat' dir='ltr'><strong>Oppium</strong></span> <span class='ocrx_word' id='word_1_280' title='bbox 1228 3881 1264 3935; x_wconf 89' lang='lat' dir='ltr'><strong>et</strong></span> <span class='ocrx_word' id='word_1_281' title='bbox 1285 3869 1358 3936; x_wconf 81' lang='lat' dir='ltr'><strong>Bal·</strong></span> 
     </span>
    </p>
   </div>
   <div class='ocr_carea' id='block_1_16' title="bbox 185 3955 1359 4221">
    <p class='ocr_par' dir='ltr' id='par_1_16' title="bbox 185 3955 1359 4221">
     <span class='ocr_line' id='line_1_35' title="bbox 269 3955 1359 4044; baseline 0 -23"><span class='ocrx_word' id='word_1_282' title='bbox 269 3955 349 4021; x_wconf 90' lang='lat' dir='ltr'><strong>bum</strong></span> <span class='ocrx_word' id='word_1_283' title='bbox 365 3957 557 4034; x_wconf 85' lang='lat' dir='ltr'><strong>Cornelium,</strong></span> <span class='ocrx_word' id='word_1_284' title='bbox 578 3957 636 4044; x_wconf 90' lang='lat' dir='ltr'><strong>qui</strong></span> <span class='ocrx_word' id='word_1_285' title='bbox 651 3979 701 4021; x_wconf 86' lang='lat' dir='ltr'><strong>res</strong></span> <span class='ocrx_word' id='word_1_286' title='bbox 714 3957 783 4044; x_wconf 87' lang='lat' dir='ltr'><strong>ejus</strong></span> <span class='ocrx_word' id='word_1_287' title='bbox 807 3956 945 4022; x_wconf 86' lang='lat' dir='ltr'><strong>absentis</strong></span> <span class='ocrx_word' id='word_1_288' title='bbox 967 3955 1134 4022; x_wconf 84' lang='lat' dir='ltr'><strong>curabunt.</strong></span> <span class='ocrx_word' id='word_1_289' title='bbox 1158 3957 1190 4020; x_wconf 93' lang='lat' dir='ltr'><strong>in</strong></span> <span class='ocrx_word' id='word_1_290' title='bbox 1205 3955 1255 4020; x_wconf 91' lang='lat' dir='ltr'><strong>bis</strong></span> <span class='ocrx_word' id='word_1_291' title='bbox 1278 3957 1359 4044; x_wconf 87' lang='lat' dir='ltr'><strong>epis-</strong></span> 
     </span>
     <span class='ocr_line' id='line_1_36' title="bbox 269 4041 1359 4131; baseline 0.001 -26"><span class='ocrx_word' id='word_1_292' title='bbox 269 4041 344 4108; x_wconf 89' lang='lat' dir='ltr'><strong>tolis</strong></span> <span class='ocrx_word' id='word_1_293' title='bbox 358 4041 551 4130; x_wconf 84' lang='lat' dir='ltr'><strong>quibusdam</strong></span> <span class='ocrx_word' id='word_1_294' title='bbox 571 4043 604 4108; x_wconf 91' lang='lat' dir='ltr'><strong>in</strong></span> <span class='ocrx_word' id='word_1_295' title='bbox 627 4042 704 4108; x_wconf 92' lang='lat' dir='ltr'><strong>locis</strong></span> <span class='ocrx_word' id='word_1_296' title='bbox 721 4043 924 4109; x_wconf 88' lang='lat' dir='ltr'><strong>inveniuntur</strong></span> <span class='ocrx_word' id='word_1_297' title='bbox 944 4041 1061 4108; x_wconf 75' lang='lat' dir='ltr'><strong>litterae</strong></span> <span class='ocrx_word' id='word_1_298' title='bbox 1080 4041 1280 4131; x_wconf 82' lang='lat' dir='ltr'><strong>singulariae,</strong></span> <span class='ocrx_word' id='word_1_299' title='bbox 1294 4045 1359 4108; x_wconf 87' lang='lat' dir='ltr'><strong>sine</strong></span> 
     </span>
     <span class='ocr_line' id='line_1_37' title="bbox 185 4127 1358 4221; baseline 0.002 -26"><span class='ocrx_word' id='word_1_300' title='bbox 185 4203 188 4206; x_wconf 47' lang='grc'>,</span> <span class='ocrx_word' id='word_1_301' title='bbox 268 4127 462 4218; x_wconf 71' lang='lat' dir='ltr'><strong>coagmentis</strong></span> <span class='ocrx_word' id='word_1_302' title='bbox 475 4129 683 4218; x_wconf 81' lang='lat' dir='ltr'><strong>syllabarum,</strong></span> <span class='ocrx_word' id='word_1_303' title='bbox 696 4152 777 4218; x_wconf 82' lang='lat' dir='ltr'><strong>ques</strong></span> <span class='ocrx_word' id='word_1_304' title='bbox 791 4142 828 4199; x_wconf 92' lang='lat' dir='ltr'><strong>tu</strong></span> <span class='ocrx_word' id='word_1_305' title='bbox 842 4141 936 4221; x_wconf 88' lang='lat' dir='ltr'><strong>putes</strong></span> <span class='ocrx_word' id='word_1_306' title='bbox 955 4129 1075 4221; x_wconf 75' lang='lat' dir='ltr'><strong>positos</strong></span> <span class='ocrx_word' id='word_1_307' title='bbox 1089 4127 1266 4200; x_wconf 85' lang='lat' dir='ltr'><strong>incondite.</strong></span> <span class='ocrx_word' id='word_1_308' title='bbox 1285 4151 1358 4197; x_wconf 82' lang='lat' dir='ltr'><strong>num</strong></span> 
     </span>
    </p>
   </div>
   <div class='ocr_carea' id='block_1_17' title="bbox 0 0 1460 4809">
    <p class='ocr_par' dir='ltr' id='par_1_17' title="bbox 0 0 1460 4809">
     <span class='ocr_line' id='line_1_38' title="bbox 0 0 1460 4809; baseline 0 2"><span class='ocrx_word' id='word_1_309' title='bbox 0 0 1460 4809; x_wconf 95' lang='lat' dir='ltr'><strong> </strong></span> 
     </span>
    </p>
   </div>
  </div>
 </body>
</html>
