2909 4809
416 252 505 349 nin.
527 281 572 349 v.
617 282 721 349 cie.
743 240 884 353 50ss53.
1149 235 1208 349 ies

103 466 152 533 ad
167 466 357 535 Ciceronem
375 468 536 571 pervenit.
582 466 749 537 Institutas
773 484 891 547 turres,
913 470 1087 539 testudines
1100 472 1205 541 muni·

105 556 282 644 tionesque
300 555 441 622 hostium
466 557 661 623 admiratur:
717 558 854 624 roducta
877 559 1002 647 legione
1030 562 1207 651 cognoscit,

107 664 178 709 non
201 642 362 707 decimum
385 666 547 733 quemque
569 668 633 708 esse
657 582 807 711 relictum
827 645 961 711 militem
981 648 1047 712 sine
1062 646 1206 715 vulnere.
1275 716 1281 729 ,

109 728 165 793 Ex
179 728 230 793 his
241 729 390 795 omnibus
400 730 524 818 judicat
536 730 644 806 rebus,
659 736 782 819 quanto
798 755 871 796 cum
884 732 1029 821 periculo
1042 746 1075 799 et
1086 746 1211 823 quanta

109 838 188 879 cum
199 815 327 881 virtute
338 840 388 881 res
398 816 462 881 sint
470 816 713 883 administratas:
740 816 927 883 Ciceronem
940 843 1002 908 pro
1014 819 1081 885 e‘us
1093 821 1211 887 merito

108 900 339 990 legionemque
359 903 546 969 conlaudat:
580 904 793 970 Centuriones
819 905 1005 991 singillatim
1029 844 1212 973 liribunos·

109 1010 178 1074 que
207 987 349 1053 militum
378 989 533 1077 adpellat‚
564 1012 705 1078 quorum
735 1015 752 1055 e
777 991 898 1081 regiam
927 992 1023 1057 fuisse
1053 993 1211 1061 virtutem

110 1074 298 1140 testimonio
312 1075 478 1146 Ciceronis
492 1090 698 1165 cognoverat.
746 1016 797 1142 Co
818 1098 891 1142 casu
918 1078 1031 1143 Sabini
1054 1092 1088 1145 et
1104 1078 1213 1144 Cottas
1259 1120 1265 1131 ‹

110 1161 235 1225 certius
257 1184 298 1225 ex
320 1162 456 1249 captivis
480 1164 654 1251 cognoscit.
702 1163 837 1229 Postero
856 1163 908 1229 die
929 1166 1079 1230 concione
1102 1162 1214 1231 habita

112 1269 184 1311 rem
205 1258 327 1335 geatam
348 1248 515 1399 proponit,
532 1249 648 1315 milites
668 1250 853 1316 consolatur
868 1262 901 1316 et
917 1248 1100 1317 confirmat:
1119 1250 1214 1341 'quod

111 1334 346 1401 detrimentum
371 1358 470 1424 cupa
489 1348 523 1401 et
543 1336 724 1418 temeritate
748 1336 862 1425 Legati
885 1336 926 1402 sit
949 1350 1130 1426 acceptum,
1152 1336 1214 1405 hoc

113 1420 259 1508 aequiore
272 1421 379 1487 animo
393 1422 565 1489 feiundum
579 1422 684 1499 docet,
705 1422 806 1511 quod,
822 1422 976 1489 beneficio
993 1424 1141 1491 Deorum
1157 1424 1213 1491 im·
1320 1428 1328 1438 ’

113 1508 303 1573 mortalium
315 1520 349 1573 et
358 1508 481 1575 virtute
496 1532 610 1576 eorum
623 1510 755 1599 expiato
770 1510 984 1587 incommodo,
997 1535 1102 1600 neque
1115 1510 1214 1578 bosti-

113 1592 179 1659 bus
190 1594 316 1659 diutina
329 1594 463 1672 laetatio,
478 1618 583 1685 neque
597 1597 672 1685 ipsis
687 1597 816 1685 longior
830 1590 924 1663 dolor
939 1598 1154 1685 relinquatur.

159 1681 216 1745 53.
239 1679 375 1746 Interim
389 1682 434 1746 ad
449 1683 629 1749 Labienum
644 1706 704 1771 per
721 1683 839 1750 Remos
855 1682 1215 1751 incredibili'celeritate

115 1766 159 1832 de
183 1767 321 1832 victoria
348 1768 481 1833 casaris
511 1770 596 1834 fama
623 1770 800 1858 perfertur,
826 1783 874 1851 ut,
898 1794 1000 1919 qptm
1015 1768 1057 1835 ab
1072 1768 1215 1837 hibernis

116 1854 283 1939 Ciceronis
309 1855 434 1921 abemet
460 1855 549 1921 milia
571 1879 724 1945 passuum
749 1856 881 1921 circitur
937 1856 981 1933 X,
1009 1880 1113 1945 eoque
1143 1869 1217 1947 post

114 1938 229 2005 horam
241 1962 357 2006 nonam
368 1942 432 2007 diei
448 1942 558 2008 Caesar
570 1942 779 2031 pervenisset,
793 1954 867 2007 ante
880 1942 1017 2007 mediam
1032 1957 1158 2008 noctem
1173 1944 1216 2010 ad

115 2039 230 2115 portas
253 2039 433 2093 castrorum
455 2029 577 2093 clamor
599 2029 751 2108 oriretur,
778 2051 844 2115 quo
870 2030 1009 2094 clamore
1025 2030 1050 2093 si
1076 2028 1218 2097 nificatio

115 2114 261 2181 victoria
275 2114 519 2215 gratulatioque
534 2116 578 2181 ab
593 2114 703 2193 Remis
732 2114 876 2181 Labieno
891 2114 994 2181 fieret.
1043 2053 1116 2181 fiac
1133 2116 1219 2181 fama

116 2200 161 2265 ad
187 2200 339 2267 Trertros
364 2202 503 2288 perlata,
526 2199 780 2281 indutiomarus,
807 2202 865 2288 qui
892 2215 1021 2291 postero
1037 2200 1090 2268 die
1113 2216 1219 2269 castra

118 2286 256 2353 labieni
283 2286 329 2353 cb
352 2308 477 2374 ugnare
507 2286 708 2368 decreverat,
740 2300 837 2352 noctu
866 2290 1015 2389 profugit
1043 2290 1216 2379 copiasque

118 2395 229 2440 omnes
253 2372 287 2437 in
341 2374 462 2444 reviros
489 2372 627 2439 reducit.
672 2374 784 2439 Caesar
800 2374 936 2440 Fabium
951 2398 1024 2441 cum
1041 2372 1166 2465 legione
1184 2376 1217 2443 in

116 2482 180 2525 sua
193 2458 332 2525 remittit
351 2458 498 2538 hiberna,
514 2462 582 2549 lpse
597 2482 672 2525 cum
686 2461 792 2527 tribus
815 2460 996 2550 legionibus
1021 2461 1142 2529 circum
1160 2462 1218 2528 Sa-

117 2546 340 2613 marobrivam
354 2546 447 2611 trinis
467 2546 609 2613 hibernis
622 2548 764 2613 hiemare
777 2548 943 2614 constituit
957 2560 1003 2629 et,
1030 2548 1120 2635 quod
1134 2549 1220 2617 tanti

119 2740 173 2801 aas,
187 2740 330 2804 parenthesi
348 2738 491 2789 includere?
531 2738 570 2787 lta
589 2754 647 2787 seu·
731 2738 833 2791 stusstu
861 2753 920 2786 cum
945 2742 1043 2791 cs'rssss.
1084 2738 1127 2787 Sic
1153 2739 1220 2791 solet

120 2821 165 2854 sas
174 2806 235 2855 erit:
251 2804 366 2863 videbat,
380 2804 488 2867 relinqui
497 2802 584 2853 iocum
599 2802 645 2863 (ab
693 2800 968 2865 nosterprsspositione
977 2802 1087 2866 repetita
1095 2802 1143 2853 uti.

120 2868 240 2919 hostibus
248 2870 417 2935 fugientibus)
433 2884 483 2917 uon
493 2884 573 2943 parvo
585 2884 647 2919 cuns
730 2868 1104 2933 δὺιφίὶὶαίίωωίαιπφκίαιίπ.
1228 2862 1235 2881 ”

119 2934 272 2983 detrimento
298 2934 397 2984 illomm
423 2932 565 2993 (bostrum),
591 2932 611 2981 i.
622 2949 646 2986 e.
730 2932 840 2982 Loetats'c.
885 2931 993 2996 Recepit
1021 2932 1220 2998 Oudendorpius

121 3000 209 3049 hostes
217 3000 343 3063 iugereex
352 3000 420 3059 loco,
431 2998 514 3062 inquo
524 2998 646 3048 mctenus
695 2996 746 3045 hoc
758 2996 874 3056 verbum,
885 3012 931 3061 pro
940 2998 1109 3061 vulg-latitia,
1120 3000 1221 3050 ecodd.

119 3063 231 3123 fueraut,
246 3078 338 3129 magno
353 3080 412 3113 cum
428 3064 579 3113 detrimento
589 3079 646 3123 suo,
695 3060 825 3125 pluribus3
842 3070 918 3125 negat
930 3070 1023 3121 tamen,
1033 3079 1061 3112 se
1070 3065 1218 3127 exemplum

121 3137 151 3179 ut
162 3128 237 3203 muni
247 3145 333 3179 eorum
347 3127 458 3203 iu'silris
474 3136 500 3177 et
511 3128 647 3193 paludibus
694 3126 750 3202 ejus
759 3128 828 3190 apud
838 3126 920 3177 alium
930 3134 1060 3177 auctorem
1072 3129 1169 3201 bcnqns
1177 3142 1220 3176 re·

121 3194 517 3323 ttnff‘ntttttttq'tt
530 3194 647 3307 ituit
695 3192 1221 3331 tgitnttttt‘ttttttltt

120 3324 300 3375 detrimentum
316 3323 456 3387 acciperet,
470 3323 538 3387 quod
554 3322 647 3382 hostes,
695 3320 838 3394 repudient.
856 3322 894 3369 M.
927 3322 988 3371 Jam
1008 3320 1064 3379 alu,
1084 3336 1111 3371 su
1132 3322 1173 3372 his
1193 3328 1221 3370 et

110 3384 156 3437 'ex
166 3390 217 3438 hoc
233 3390 290 3439 loco
301 3389 468 3447 discedentes,
482 3388 599 3451 accipere
609 3386 648 3436 vi·
695 3386 819 3448 Scaliger,
829 3402 887 3438 eam
896 3400 988 3435 vocem
998 3385 1160 3436 admiserant.

123 3454 210 3503 debat.
244 3453 294 3503 Sed
310 3454 373 3504 illud
385 3452 570 3503 deminutivum
637 3479 648 3491 ·
734 3451 818 3513 Neque
833 3453 890 3514 ipsis
905 3454 972 3515 long.
985 3450 1092 3501 dcl-sel·
1124 3452 1220 3503 Annia

122 3518 307 3569 culusitanus
319 3518 536 3582 satisaptumest.
610 3532 649 3565 m·
696 3514 770 3565 clade
785 3514 918 3565 Tituriana
937 3516 1043 3565 barbam
1061 3516 1221 3581 capillosque

123 3582 179 3633 bini
195 3586 363 3648 conjecturam
382 3582 549 3645 ingeniosam,
568 3597 649 3645 nequas
697 3578 847 3630 submisisse
859 3578 983 3630 Casemm
1000 3594 1047 3629 nec
1064 3588 1123 3629 ante
1138 3581 1221 3631 demi·

122 3651 333 3764 tt'tffl
358 3648 488 3698 “m
468 3648 650 3762 mun
696 3642 1221 3760 :tantumtantum

576 3727 603 3760 ro
853 3743 859 3758 .
1170 3744 1176 3757 .

125 3785 183 3825 nsnt
201 3729 309 3829 vossii:
323 3787 349 3827 et
389 3728 496 3830 nali-s
517 3727 597 3826 titios
612 3786 650 3825 ta·
734 3776 989 3839 Mammosam
1001 3774 1060 3823 LX.
1093 3772 1137 3821 Sic
1145 3774 1220 3828 codd.

126 3840 650 3906 men,(¹sesarem,sibccsoluisset,scrip-
698 3837 760 3892 boni
787 3849 812 3887 et
838 3841 895 3889 edd.
922 3846 973 3889 vet.
1010 3838 1113 3887 Graecus
1143 3838 1221 3887 iubet

125 3914 212 3955 turum
231 3908 317 3966 luisse,
333 3922 365 3957 ac
380 3922 412 3956 sse
427 3908 533 3969 porculo
549 3906 651 3970 quidem
699 3903 845 3953 CDLXXX
855 3904 945 3963 stadis,
960 3902 1030 3966 quod
1039 3904 1129 3951 eodem
1143 3902 1220 3953 redit.

127 3971 191 4022 δεῖν.
202 3974 240 4022 ul.
252 3974 272 4021 l,
282 3990 306 4021 r.
316 3974 366 4021 col.
416 3970 503 4021 Manet
518 3962 595 4020 lectio
612 3972 651 4021 in·
699 3968 770 4018 Male
781 3968 848 4017 Oud.
859 3969 918 4019 inde
928 3968 1005 4019 efficit
1015 3968 1134 4031 M.,pass.
1143 3968 1177 4018 L.

126 4046 206 4087 cesta.
223 4038 263 4086 Μ.
301 4035 463 4100 conjiciebat
483 4036 603 4085 Wasseus
623 4052 651 4099 p.
736 4036 838 4085 Horum
847 4050 949 4085 susm.
982 4034 1029 4083 Et
1039 4031 1140 4083 circiter
1148 4030 1221 4085 tertis

127 4102 153 4149 d.
164 4101 294 4163 (suorum)
302 4104 377 4153 illuns
389 4104 471 4152 mcum
481 4102 589 4165 selismssi
598 4102 651 4149 oid.
700 4099 883 4165 pomeridiana.
899 4101 937 4149 M.

129 4166 185 4215 scil.
196 4166 232 4217 ab
243 4166 326 4217 hoste.
360 4164 564 4215 Oud.'serosic:
583 4165 651 4230 sad.
736 4164 776 4214 Ad
790 4166 911 4213 Treuiros.
928 4162 1223 4229 CbcspsttetiLM.

127 4229 244 4291 (suorum
261 4232 380 4292 vel'suo)
397 4232 500 4280 illorum
517 4232 571 4281 loco
590 4247 609 4279 o
626 4245 654 4279 ss
738 4230 893 4293 &mapsa
911 4246 959 4281 suu
971 4244 1033 4281 sum.
1051 4232 1101 4283 sto.
1118 4230 1145 4281 sl
1162 4240 1221 4279 ew

128 4298 243 4361 iss-auspi
257 4298 308 4348 sta.
321 4296 398 4348 nimis
411 4296 533 4347 audacter
544 4295 599 4346 sine
609 4310 655 4347 ne·
700 4295 751 4360 lep.
760 4310 809 4347 ssu
819 4310 882 4345 rem.
893 4300 921 4345 s'n
930 4295 978 4347 is'b.

126 4363 256 4415 oessitsts.
