2909 4809
447 334 450 341 -
479 289 566 361 us.
590 286 635 360 u.
681 285 785 360 cue.
808 244 921 365 s-s.
1187 296 1232 365 ts

138 494 251 551 ruunt.
276 482 373 560 Quod
387 494 459 549 tum
472 484 564 549 facile
581 482 689 550 fiebat.
715 482 813 560 Nam,
829 506 930 571 quum
944 493 1035 551 teuta
1053 485 1229 553 multitudo

137 572 259 660 lapides
279 594 316 636 ac
335 572 400 636 tela
419 572 624 660 conjicerent,
640 572 672 636 in
687 594 782 637 muro
793 570 982 636 comisteudi
1005 586 1146 659 potestus
1159 586 1231 639 erat

137 658 230 725 nulli.
277 659 387 733 Quum
401 658 496 724 finem
515 658 723 746 oppugnandi
741 681 805 723 nox
821 658 956 731 fecisset,
979 656 1082 723 Iccius
1097 658 1229 737 Remus,

138 768 261 809 summa
276 744 445 811 nobilitate
459 756 493 809 et
517 746 621 833 gratie
641 745 725 809 inter
739 768 825 819 suos,
849 744 906 831 qui
929 756 1000 807 tum
1013 746 1133 833 oppido
1149 770 1230 835 prte-

138 844 219 907 eret,
235 854 320 897 unus
334 854 373 895 ex
387 831 446 906 his,
467 832 523 918 qui
539 831 638 917 legati
657 831 696 895 de
718 854 796 931 pace
818 831 858 896 ad
882 830 1045 895 Caeserem
1065 846 1229 911 venerant,

104 931 122 951 ²
137 918 272 983 nuncios
286 918 327 983 ad
340 940 414 981 eum
429 918 542 993 mittit,
565 918 622 982 nisi
645 917 822 983 subsidium
844 917 905 982 sibi
919 916 1144 994 submittatur,
1165 942 1231 987 sese

137 1004 261 1071 diutius
271 1004 425 1071 sustinere
441 1026 503 1069 non
519 1028 619 1092 posse.
725 1007 731 1013 ’
1233 1030 1237 1035 ’

180 1093 212 1156 7.
237 1090 289 1157 Eo
311 1084 476 1156 de‘media
498 1103 592 1157 nocte
617 1092 736 1167 Caesar,
767 1090 877 1156 iisdem
899 1091 1037 1158 ducibus
1057 1114 1144 1166 usus,
1173 1092 1231 1179 qui

137 1179 246 1253 nuncii
271 1177 314 1242 ab
338 1176 423 1243 Iccio
446 1190 610 1253 venerant,
634 1178 790 1243 Numidas
810 1190 844 1242 et
866 1178 980 1245 Cretas
1000 1178 1182 1266 sagittarios
1196 1192 1231 1243 et

137 1266 316 1330 funditores
341 1264 489 1329 Baleares
512 1265 651 1330 subsidio
676 1265 842 1352 oppidanis
864 1267 985 1330 mittit:
1011 1286 1151 1355 quorum
1177 1266 1232 1330 ed·

137 1365 237 1417 ventu
256 1364 290 1416 et
306 1350 426 1425 Remis,
450 1374 523 1415 cum
548 1374 602 1439 spe
621 1351 820 1426 defensionis,
841 1351 984 1417 studium
1004 1352 1231 1453 propugmndi

136 1439 268 1503 accessit
281 1449 315 1501 et
329 1436 474 1503 hostibus
487 1437 595 1501 eedem
614 1439 654 1504 de
669 1461 777 1502 caussa
791 1460 861 1525 spes
875 1438 1023 1525 potiundi
1044 1439 1157 1525 oppidi
1168 1438 1230 1504 dis·

138 1526 241 1590 cessit.
296 1522 422 1611 Itaque,
446 1523 621 1611 paullisper
644 1525 732 1611 apud
757 1524 912 1611 oppidum
935 1524 1052 1589 morati
1072 1546 1132 1610 agr
1191 1548 1232 1589 ue

139 1608 317 1677 Remorum
336 1610 537 1699 depopulati,
559 1611 706 1675 omnibus
721 1612 799 1674 vicis
813 1610 1026 1697 aetliiiciisque,
1048 1548 1231 1710 quosfflrre

184 1710 304 1773 terant,
328 1698 471 1772 incensis,
495 1697 535 1761 ad
556 1708 659 1761 castra
681 1698 814 1761 Caesaris
829 1697 977 1762 omnibus
990 1697 1090 1783 copiis
1104 1712 1234 1762 couten-

138 1721 258 1849 diirunt
280 1797 314 1849 et
336 1784 380 1847 ab
402 1784 531 1848 milibus
553 1806 704 1871 passuum
727 1784 831 1847 minus
853 1781 885 1845 Il
910 1795 1014 1847 castra
1042 1800 1232 1869 posuerunt,

141 1892 213 1957 quae
236 1884 352 1946 castra,
378 1884 416 1935 ut
437 1870 526 1934 fumo
550 1883 649 2019 atque
672 1868 801 1955 ignibus
822 1868 1076 1956 significabatur,
1096 1871 1233 1956 amplius

141 1957 271 2023 milibus
285 1980 434 2045 passuum
452 1955 535 2019 VIII
549 1956 581 2021 in
608 1956 796 2020 atitudinem
811 1955 975 2041 patebant.
1021 2000 1024 2005 -
1066 1995 1070 2002 -
1272 2014 1284 2023 .

184 2045 215 2108 8.
242 2044 349 2109 Caeser
380 2043 496 2131 primo,
520 2054 553 2107 et
584 2054 720 2131 propter
754 2042 993 2107 multitudinem
1021 2039 1172 2116 hostium,
1199 2056 1234 2108 et

142 2143 279 2218 propter
292 2130 436 2194 eximiam
449 2130 630 2217 opinionem
642 2129 784 2203 virtutis,
806 2127 921 2216 proelio
944 2129 1149 2215 supersedere
1171 2140 1234 2193 sta·

143 2218 226 2291 tuit;
249 2215 393 2304 quotidie
417 2228 521 2281 tamen
536 2215 739 2302 equestribus
759 2215 892 2302 proeliis,
907 2214 986 2301 quid
999 2213 1097 2279 hostis
1111 2215 1235 2281 virtute

206 2325 208 2327 ·
235 2315 297 2368 tet
312 2303 390 2389 quid
398 2302 498 2389 nostri
507 2303 672 2377 auderent,
682 2300 962 2366 sollicitationibus
975 2300 1232 2389 periclitabatur.

143 2324 353 2455 pJoqenOEtms
368 2410 432 2455 nou
446 2413 510 2454 esse
526 2389 688 2454 inferiores
700 2387 871 2463 intellexit,
893 2387 964 2452 loco
980 2410 1041 2474 pro
1055 2391 1178 2462 cestris,
1193 2390 1235 2455 ad

144 2476 243 2540 aciem
258 2476 473 2543 instruendam
494 2488 610 2541 natura
624 2475 812 2563 obportuno
830 2487 929 2561 atque
943 2474 1068 2550 idoneo,
1092 2476 1195 2563 (quod
1210 2473 1236 2541 is

146 2688 189 2739 ubi
206 2690 265 2740 vide
283 2700 368 2743 notata
388 2700 482 2741 nostra.
514 2690 584 2739 Mule
604 2689 667 2739 olim
715 2688 829 2749 (Livian.
848 2688 912 2752 epit.
933 2688 980 2737 lib.
1004 2688 1057 2748 60),
1084 2686 1137 2736 haec
1161 2686 1238 2751 igitur

146 2756 274 2818 legebatur
284 2758 442 2805 tumendum.
716 2753 801 2801 omnia
810 2754 904 2801 incerta
913 2762 979 2811 sunt,
994 2753 1075 2801 efficto
1088 2750 1169 2801 nimio
1187 2762 1249 2802 stu·-

180 2823 257 2881 Nm,
275 2836 354 2897 quum
374 2824 523 2885 conjicerent.
553 2819 668 2868 Veterem
715 2817 761 2867 dio
776 2816 947 2881 etymologica,
958 2820 1029 2881 quod
1044 2827 1070 2867 et
1085 2826 1198 2867 vetemm
1212 2826 1239 2867 et

146 2884 210 2933 lnuc
228 2887 364 2935 lectionem
381 2883 490 2933 restituit
500 2884 616 2933 Oudeud.
633 2884 669 2932 le·
715 2882 883 2932 recentiorum
891 2882 1238 2947 multosscriptoresdegen-

144 2950 249 3013 gebatur
283 2950 544 3015 Nora-confidebant.
572 2949 668 2998 omisso
715 2950 780 2996 tium
791 2947 934 3011 originibus
945 2947 1035 2997 tenuit.
1052 2950 1090 2997 M.

145 3030 231 3078 quum.
751 3014 872 3061 Dtoeeeru.
892 3012 933 3060 Sic
942 3013 1016 3061 codd.
1045 3010 1237 3070 SicetQuintil.

181 3080 268 3129 tutus.
300 3078 413 3127 ctas
437 3080 473 3127 M.
719 3078 1238 3137 it,1,1s.aemutau0dtmu.u‚s,tt.

181 3146 480 3199 Nanctus-almanorum
502 3140 668 3205 Stdpatetex
715 3144 834 3191 motoria
848 3142 953 3191 dimetit-
982 3140 1070 3190 Davis.
1088 3156 1120 3188 ex
1137 3143 1238 3205 conjec-

145 3223 200 3271 ssq.
211 3209 299 3271 plures
308 3208 395 3257 luisse.
715 3216 770 3255 tura
778 3205 903 3255 Gronovii
912 3207 1008 3255 ruavult
1016 3207 1119 3255 deceruit.

182 3276 355 3323 statuemur.
387 3274 423 3323 lte
434 3272 507 3321 codd.
519 3279 544 3320 et
552 3272 668 3321 eddvet.
751 3275 816 3324 Quat
832 3272 911 3320 altre.
948 3272 993 3319 Vel
1009 3269 1151 3333 legendum,
1173 3284 1238 3335 qua,

147 3338 224 3401 vulgo
233 3340 353 3389 nutum.
715 3335 757 3383 vel
766 3344 832 3409 quot,
846 3336 955 3399 velquo.
977 3334 1015 3383 Μ.
1050 3336 1114 3389 Quot
1130 3350 1175 3398 per
1189 3336 1240 3397 syl-

113 3423 117 3439 ·
184 3403 313 3459 Numidas.
359 3400 421 3453 Sunt
447 3400 512 3451 letis
538 3408 669 3454 armaturae
717 3402 800 3463 lepstn
810 3400 1015 3449 adcommodatur
1024 3398 1134 3463 digniori
1142 3400 1239 3463 generi.

147 3466 253 3515 milites.
285 3466 356 3515 cte.
372 3470 409 3515 10.
426 3468 465 3515 Μ.
752 3464 957 3525 Οιηπίὁυεωρὶὼ.
990 3463 1064 3511 Sicet
1073 3462 1138 3513 allbi
1147 3472 1241 3523 noster,

182 3534 274 3582 Cretam
295 3532 322 3579 ol
333 3528 414 3599 Keist't
431 3531 469 3578 slei
480 3528 562 3589 τιξιῖιιι
575 3526 671 3591 cyse-t.
717 3537 745 3577 ut
759 3545 783 3576 c.
803 3530 840 3575 19.
852 3537 876 3575 et
894 3532 934 3577 88.
951 3527 1011 3577 item
1023 3532 1048 3587 l,
1058 3532 1099 3576 2⁴.
1116 3534 1140 3588 ⁵,
1152 3532 1192 3579 49.
1209 3528 1239 3577 C.

62 3642 68 3652 ,
149 3596 244 3647 AElien.
264 3596 342 3645 V.tt.
358 3600 429 3653 t,to.
452 3596 540 3645 Cellas.
719 3596 742 3651 l,
759 3596 799 3641 63.
833 3593 1018 3657 Nonnunquam
1037 3602 1119 3643 tamen
1131 3602 1157 3642 et
1175 3609 1240 3653 prue-

174 3662 308 3713 nutem.
349 3663 386 3709 De
415 3659 507 3709 incolis
533 3658 668 3708 insularum
717 3657 815 3722 positio
829 3660 897 3719 apud
909 3667 1021 3707 nostrum
1031 3656 1140 3707 additur.
1174 3656 1239 3707 Vide

148 3726 309 3775 Balentidum
324 3724 671 3789 lullispauicomarittotis·
720 3728 742 3781 l,
764 3726 804 3770 96.
831 3728 871 3771 88.
896 3721 927 3771 C.
952 3725 974 3783 l,
998 3726 1035 3771 te.
1069 3722 1161 3771 Parum
1177 3739 1237 3785 ergo

148 3790 212 3840 riuis
229 3800 296 3849 suut,
311 3807 369 3854 quse
387 3790 474 3839 Strabo
491 3790 589 3852 (geogr.
605 3792 629 3836 3.
643 3804 669 3851 p.
716 3789 799 3836 refert.

153 3857 221 3915 168.)
233 3854 348 3918 scripsit:
365 3853 587 3935 mtubvimdpnu
595 3852 671 3915 tipu-
751 3852 945 3901 Permutatur.
984 3848 1034 3899 Vid
1060 3848 1114 3899 ind.
1142 3852 1240 3921 Eodem

150 3918 671 3984 ‹undecie'i'emm's'spuicustnptginus,
717 3933 790 3966 sensu
807 3916 910 3963 Plautus
928 3916 1022 3979 Amph.
1047 3918 1160 3974 2,2,56.
1180 3923 1240 3977 Μ,

149 3984 231 4043 iidem
242 3982 594 4047 §drincuricxoredsnluvs-
631 3980 671 4030 CI.
718 3984 759 4029 83.
775 3980 855 4029 Codd·
871 3980 975 4043 quidam
989 3978 1082 4031 habent
1096 3983 1240 4033 contutatu-

149 4048 314 4108 tuaest.
337 4046 671 4113 Atquehocsciresufficit:
716 4048 789 4095 nibus
811 4046 959 4109 exquir-ebat.
985 4045 1032 4093 atti
1061 4050 1239 4111 experiebatur.

150 4130 207 4163 nam
229 4114 279 4163 boe
299 4130 377 4165 uuum
393 4122 432 4164 est
451 4120 562 4161 certum:
589 4120 672 4161 cetera
716 4111 994 4173 utrumqueexglosse.

150 4180 246 4239 omnia,
259 4196 317 4243 quta
332 4180 363 4229 de
380 4194 456 4227 causa
475 4175 585 4227 nominis
606 4174 669 4225 tradi
753 4174 931 4247 Atqueidoueo.
946 4173 990 4223 tue
1004 4182 1062 4223 ante
1078 4175 1240 4239 parenthesin

150 4246 241 4303 solent,
256 4245 363 4293 uelutis
378 4245 471 4299 βάλλω
480 4242 569 4302 (Diod.
580 4239 631 4289 Sic.
648 4246 673 4298 5,
719 4238 807 4287 inserit
819 4240 839 4287 l.
857 4237 887 4285 C.
903 4240 937 4287 ll.
952 4241 1082 4305 constipere
1090 4242 1193 4291 decrevit
1207 4250 1231 4291 et

152 4308 202 4370 u),
215 4318 411 4359 autessrmoue
427 4306 558 4372 phoeuicio
572 4306 674 4368 (Strabo
722 4303 973 4366 Verumebsquchoc
980 4304 1158 4369 subplemeuto
1166 4306 1241 4359 locus
1295 4305 1300 4317 '

152 4376 191 4426 tt.
211 4392 240 4441 p.
263 4372 332 4437 ott),
361 4382 439 4425 aute
462 4372 572 4439 quodam
594 4370 672 4423 Buteo
719 4368 801 4435 probe
812 4376 849 4419 est
858 4368 1011 4422 intellectus.
