2909 4809
471 295 559 366 ns
583 295 648 367 ιιι.
695 247 802 367 cur.
830 297 905 379 roa,
925 275 1006 368 ιιι.
1204 298 1266 372 ur

5 576 15 584 Ι
152 498 281 582 posset:
294 525 299 534 ·
313 499 360 566 et,
375 497 673 583 quantumcumque
687 489 812 562 itineris
827 485 978 580 equitatu
987 487 1113 556 edicere
1125 500 1269 580 poterat,

6 576 30 657 ,ἶ
150 575 610 680 quotidieprogrediebatur;
640 577 1271 666 legionemqueunamminoribnsillnc·

152 667 246 732 ribus
267 663 423 754 subsequi
443 663 550 753 jussit.
596 665 680 731 Erat
700 664 844 731 edictum
867 663 1013 753 Pompeii
1037 663 1166 733 nomine
1191 667 1270 732 Am,

13 820 17 828 ,
151 751 283 846 phipoli
298 750 515 844 propositum,
531 751 582 817 uti
597 753 787 841 omuesejus
800 753 976 842 provincias
987 751 1143 842 juniores,
1160 753 1270 819 Graecl

35 879 39 887 ·
152 840 307 929 civmque
333 837 483 917 Romani,
498 837 643 928 ¹jurandi
667 862 778 906 canera
806 840 1035 914 convenirent:
1069 837 1129 906 sed
1155 851 1271 912 utrum
1300 867 1303 880 =

151 924 342 994 avertendas
356 927 541 1017 suspicionis
553 949 663 994 mussa
680 927 853 1018 Pompeius
867 927 1100 1017 proposuisset,
1115 937 1154 992 ut
1172 947 1271 1079 qnam

151 1014 333 1082 diutissime
348 1013 503 1104 longioris
518 1015 605 1103 fugas
620 1013 789 1082 consilinm
802 1015 993 1092 occultaret,
1014 1035 1056 1080 an
1069 1014 1159 1080 noris
1197 1013 1271 1080 ilse-

152 1101 258 1180 tibns,
269 1100 297 1168 si
311 1113 595 1190 nemopremeret,
613 1101 841 1169 Macedoniam
858 1114 969 1168 tenere
983 1113 1169 1179 conaretur,
1191 1103 1271 1169 exis·

155 1190 265 1257 timeri
290 1185 356 1256 no'n
431 1202 527 1255 terat
574 1187 649 1279 Ipse
674 1189 717 1256 sd
739 1207 888 1256 ancoram
911 1211 975 1256 una
1004 1202 1099 1258 nocte
1125 1187 1272 1258 constitit

155 1289 204 1354 et,
224 1278 347 1348 vocatis
424 1299 458 1342 so
477 1274 668 1366 Amphipoli
690 1275 884 1367 hospitibus,
905 1290 941 1343 st
1018 1275 1150 1344 usu-d
1166 1297 1272 1343 neces·

155 1365 256 1432 sarios
271 1376 394 1441 sumtus
414 1375 602 1457 conrogata,
624 1365 756 1454 cognito
773 1366 906 1434 Caesaris
920 1299 1075 1442 ιδεῗιιιιι,
1089 1387 1130 1430 ex
1144 1387 1184 1430 eo
1198 1364 1271 1430 loco

155 1451 301 1519 dbcessit
325 1464 360 1516 et
390 1450 566 1542 Mytilenas
592 1452 705 1543 paucis
733 1451 850 1520 diebus
875 1453 977 1520 venit.
1024 1451 1168 1518 Biduum
1193 1461 1287 1518 tem»

155 1552 284 1630 pestate
298 1545 458 1615 retentus,
471 1538 672 1627 navibusque
682 1539 754 1606 sliis
766 1539 886 1606 additis
896 1537 1060 1615 actuariis,
1074 1539 1107 1610 iu
1124 1539 1273 1606 Cicilianl

154 1641 257 1716 atque
279 1625 355 1692 inda
376 1627 529 1715 Cyprum
550 1628 711 1716 pervenit.
758 1626 810 1693 Ibi
831 1627 1010 1716 cognoscit,
1032 1645 1185 1692 consensu
1207 1637 1272 1693 oln-

155 1715 249 1782 nium
264 1711 528 1780 Antiochensium
542 1714 726 1803 civiumque
749 1713 982 1789 Romanorum,
1005 1711 1063 1802 qni
1085 1713 1153 1778 illic
1174 1733 1272 1803 nego·
1312 1756 1317 1766 ·

5 1836 9 1851 ·
115 1858 119 1862 Α
156 1803 331 1878 tierentnr,
358 1823 465 1868 arcem
486 1813 615 1888 captam
635 1824 715 1878 esse,
738 1800 931 1868 excludendi
950 1800 999 1866 sui
1014 1823 1137 1876 carrusa,
1159 1801 1273 1882 runcis

156 1913 259 1977 osque
279 1887 423 1953 dintisms
443 1887 486 1954 ad
507 1911 574 1964 cos,
598 1889 657 1977 qui
681 1913 715 1954 se
739 1911 780 1954 ex
803 1887 883 1977 iuga
902 1889 935 1954 in
950 1887 1112 1954 finitumus
1126 1885 1273 1954 civitates

155 1976 315 2065 recepisse
330 1973 528 2051 dicerentur,
552 1997 593 2040 ne
616 1975 822 2042 Antiochiam
843 1975 994 2042 adirent:
1024 1975 1058 2040 id
1071 1975 1097 2040 si
1112 1974 1272 2051 iecissent,

156 2085 277 2152 magno
298 2085 413 2130 eorum
433 2061 550 2152 capitis
571 2063 720 2154 periculo
741 2064 901 2130 fissorum.
948 2062 1040 2128 Idem
1052 2060 1115 2127 hoc
1131 2061 1169 2126 L.
1189 2061 1272 2128 Len·

157 2151 243 2227 tulo,
258 2151 317 2240 qni
330 2147 498 2240 superiore
512 2171 597 2217 anno
610 2151 734 2217 Consul
749 2151 868 2228 fuerat,
884 2161 918 2216 et
935 2149 972 2216 P.
990 2148 1132 2215 Lentulo
1148 2149 1273 2216 Consu·
1314 2214 1319 2222 ,

156 2238 233 2315 leri,
247 2261 285 2304 ac
300 2237 462 2304 nonnullis
475 2236 545 2302 aliis
566 2239 727 2305 acciderat
749 2236 881 2304 Rhodi:
913 2237 982 2325 qui,
1006 2259 1109 2326 quum
1131 2259 1171 2302 ex
1193 2237 1274 2327 iuga

159 2325 355 2415 Pompeium
369 2337 585 2414 sequerentur
600 2326 747 2415 atquein
760 2325 897 2392 insulam
911 2323 1083 2401 renerent,
1098 2322 1220 2413 0'ppid0
1234 2347 1273 2396 sc

237 2437 261 2479 u
286 2413 410 2501 recepti
431 2427 631 2479 nouerant:
657 2413 821 2501 missisque
842 2412 886 2478 ad
899 2435 953 2479 sos
968 2411 1100 2489 nunciis,
1122 2423 1161 2477 nt
1176 2432 1217 2477 ex
1236 2411 1273 2481 ils

174 2501 240 2566 ocis
276 2499 491 2574 discederent,
527 2513 643 2568 contra
675 2501 881 2567 voluntatens
917 2521 1009 2568 snam
1040 2521 1136 2565 neves
1168 2499 1273 2566 solve·

157 2599 272 2742 pleriqa
296 2588 440 2675 Jamque
463 2585 506 2652 de
522 2587 659 2657 Caesaris
679 2587 825 2654 adventu
849 2588 938 2654 fama
957 2587 999 2652 ad
1025 2583 1174 2652 civitates
1199 2608 1273 2681 per·
1345 2611 1347 2620 ·

174 2699 230 2741 ere
272 2686 340 2741 tur.
1379 2715 1383 2729 .

91 2793 96 2802 ·
209 2763 281 2838 103.
307 2761 435 2838 Quibus
449 2760 585 2852 cognitis
605 2761 714 2840 rebus,
739 2757 925 2850 Pompeius,
941 2757 1091 2848 deposito
1111 2757 1268 2829 adsume

162 2850 268 2940 Syriae
295 2849 440 2927 consilio,
470 2849 607 2938 mannia
627 2849 793 2917 societatis·
822 2845 952 2914 sublata
979 2858 1014 2912 et
1035 2869 1057 2914 a
1076 2843 1268 2934 quibusdum

161 2937 300 3028 privatis
313 2949 435 3013 sumta,
450 2951 486 3002 et
501 2937 573 3003 reris
586 2958 705 3026 magno
719 2934 862 3040 pondere
877 2932 921 2998 ad
934 2932 1109 3000 militarem
1124 2957 1217 3002 nsum
1233 2934 1267 3000 in

159 3045 258 3092 naves
277 3025 309 3093 in
370 3025 429 3101 ito,
453 3021 647 3116 duobusque
660 3025 792 3095 mihbus
805 3019 970 3090 hominum
984 3019 1126 3102 armatis,
1148 3021 1269 3112 purtim

160 3135 300 3200 quosex
346 3110 443 3179 millis
454 3112 646 3179 societatum
654 3111 834 3199 delegerat,
887 3108 997 3178 rtima
1011 3107 1269 3197 negotiatoribus

161 3212 326 3288 coegerat,
365 3221 487 3285 uosque
500 3221 541 3267 ox
554 3199 619 3264 snis
632 3200 687 3288 qn‘
729 3223 771 3264 ue
785 3197 827 3268 ad
864 3219 922 3262 anc
937 3219 1007 3262 rem
1022 3195 1149 3261 idoneos
1163 3196 1270 3262 existi-

136 3279 286 3364 mabat,
303 3221 469 3354 Pelusium
482 3283 645 3387 pervenit.
697 3285 712 3350 Ι
740 3285 846 3354 icasu
871 3283 1037 3350 licuerat
1063 3281 1269 3364 Ptolemaeus,
1300 3361 1308 3378 .

187 3397 246 3442 uer
259 3385 369 3452 tetam,
383 3395 508 3462 magma
521 3372 634 3462 copiis,
649 3397 725 3440 cum
745 3396 855 3439 sorore
876 3370 1056 3459 Cleopatra
1070 3391 1185 3458 gerens
1201 3369 1270 3436 bel.
1357 3415 1363 3432 ,

161 3397 255 3540 lnm3
283 3483 382 3556 quam
396 3460 507 3552 paucis
524 3458 601 3528 ante
614 3461 777 3528 mensibus
793 3481 854 3552 per
866 3480 939 3524 suos
957 3457 1156 3551 propinquos
1169 3469 1269 3546 atque

200 3649 443 3713 mensamque·
458 3647 693 3703 succeserunt
745 3651 903 3700 Antiochiam
922 3663 954 3698 cs
975 3662 1026 3717 quq
1048 3647 1190 3698 Glareanus
1209 3647 1269 3698 tecit

164 3721 216 3767 vst.
234 3713 317 3778 Vulgo
332 3723 466 3779 quassum
746 3713 1269 3778 amolimiuquibusdsmcsddscripts

200 3781 362 3832 mesu.
396 3779 471 3832 Voss.
488 3777 602 3830 malebat
619 3786 694 3830 aa*
743 3789 798 3830 eret
808 3795 853 3843 per
863 3778 1043 3842 compendium
1055 3781 1112 3829 Ant.

165 3849 243 3897 suari·
276 3843 327 3894 tec
343 3843 448 3909 proinde
465 3853 513 3897 est.
536 3844 577 3897 Cf,
594 3842 693 3896 Terent.
779 3849 936 3909 tlus',qsssssrs.
959 3841 1268 3894 stercatseosursisi.

167 3909 654 3970 Hesst.s,r,sl.l‘hsmior,1,1l.
747 3911 1072 3974 vulgossmquoumsue.
1108 3908 1270 3960 UndeCisc·
1357 3958 1361 3971 ,

201 3976 349 4041 Mytilenas.
381 3975 423 4024 Sic
440 3975 512 4025 numi
529 3984 557 4024 st
571 3975 694 4039 Stephon.
744 3975 972 4038 conconjectebat
987 3989 1207 4039 aamqrmuuss.

169 4040 274 4105 Bymt.
307 4039 393 4104 Vulgo
404 4042 548 4104 rruytssss.
778 4041 919 4091 Solverunt.
946 4039 1269 4102 Aliisotsesejutstsrstsr.

204 4109 320 4172 Cyprum
326 4109 450 4172 persenit.
471 4106 693 4171 ncrastino,-
776 4108 901 4156 Socs'stotr's
919 4105 1130 4168 publicanorum:
1163 4114 1191 4155 ut
1209 4116 1268 4154 mox

247 4206 254 4218 .
736 4171 846 4234 forulioe
855 4170 947 4233 (servi)
956 4175 1099 4222 acculabus
1113 4169 1222 4222 illarum.
1232 4173 1268 4220 cf.

205 4239 294 4290 Arm
308 4243 413 4302 coptos»
428 4253 489 4288 esse.
530 4239 592 4289 Post
608 4253 694 4291 mss
743 4237 915 4286 oth-De
930 4235 1041 4287 consilio
1058 4234 1156 4286 itineris
1173 4244 1270 4286 mutate

169 4302 274 4368 quidum
289 4301 443 4355 inseruerant
461 4306 608 4364 Antiochia,
626 4304 694 4354 uude
742 4300 795 4352 sris
823 4303 921 4352 nodam
932 4303 1085 4356 Plutarchus
1100 4301 1127 4354 iu
1142 4303 1232 4368 Pomp.
1242 4317 1266 4352 c.

169 4367 488 4429 ritiosslectiosateorls
496 4376 546 4422 est.
561 4369 602 4424 Μ.
636 4369 697 4428 Vox
745 4370 776 4420 76
837 4366 891 4420 idit.
910 4368 951 4420 di.
1218 4422 1219 4430 ἵ
