2909 4809
441 276 533 356 mn.
554 277 616 345 vr.
661 280 768 347 cre.
789 280 930 351 22-24
1089 384 1092 389 Ι
1168 280 1232 355 sss
1320 256 1324 267 '

144 474 171 537 ‘f
181 474 285 553 etque
302 473 404 535 estus
424 462 570 532 vitsndos
589 462 766 542 ndifioentr
788 490 830 533 ne
851 490 917 556 qus
938 468 1063 537 orietur
1087 470 1231 561 pecunie

136 562 169 621 .“
180 552 352 640 cupiditas,
371 572 442 638 que
461 574 503 617 ex
522 575 561 618 rs
581 551 736 619 sectiones
753 552 1025 645 dissensionesque
1037 572 1231 633 nascuntur:

142 648 166 680 ‘⁴
178 652 218 705 ut
240 639 334 705 enimi
353 637 656 739 equitateplsbem
677 640 872 719 contineant,
895 666 998 731 quum
1010 666 1082 711 suss
1095 646 1232 734 quisque

142 734 166 765 ss
557 725 565 741 ⁹
705 726 712 741 ⁹
752 726 758 741 ·
1227 752 1230 759 ·

141 787 146 795 ¹
179 748 290 877 {geli
289 736 513 877 iliiiptiitrt'eiiuti⁸⁸
499 747 643 877 m
644 726 922 901 ulqweeqm
934 814 1099 882 letissimes
1111 816 1233 883 circum

143 907 166 938 “
180 922 214 964 ss
227 898 359 963 msam
378 897 496 964 linibus
516 898 704 965 solitudines
721 898 851 965 hebere.
898 902 972 969 Hoc
985 904 1154 991 proprium
1166 903 1232 969 vir·

142 992 165 1055 .“
178 984 263 1052 tutis
285 984 479 1061 existiment,
505 984 656 1075 expulsos
679 986 766 1075 agris
790 986 951 1055 finitumos
975 990 1100 1068 cedere,
1126 1012 1234 1077 neque

141 1078 165 1110 “
180 1094 376 1163 quemqnam
394 1095 504 1172 prope
530 1072 650 1138 cudere
676 1074 869 1139 consistere:
901 1075 996 1141 simul
1020 1076 1080 1143 hoc
1105 1101 1138 1142 se
1164 1076 1235 1142 fors

142 1165 166 1197 “
181 1156 319 1223 tutiores
331 1158 547 1235 subluantur,
560 1160 737 1247 repentinus
752 1160 939 1228 incursionis
952 1162 1069 1228 timore
1090 1162 1232 1229 sublato.

143 1254 166 1285 ‘⁶
182 1246 297 1319 Quum
307 1244 431 1315 bellurn
444 1246 557 1311 civitas
567 1258 627 1313 sut
640 1246 777 1311 inlutum
788 1247 943 1325 defendit,
957 1259 1015 1314 aut
1029 1248 1145 1315 infert:
1166 1273 1234 1315 rus·

143 1338 165 1369 ⁸‘
179 1332 348 1419 gistratus,
369 1333 428 1419 qui
439 1333 470 1399 ei
492 1332 580 1399 bello
601 1334 744 1421 presint,
768 1346 807 1399 ut
827 1335 903 1401 vitae
924 1337 1074 1424 necisque
1094 1335 1235 1419 hebesnt

141 1424 166 1457 ‘⁴
180 1430 387 1505 potestatem,
423 1418 488 1485 deli
557 1430 624 1484 tur.
679 1418 718 1485 ln
745 1442 826 1521 pecs
850 1421 959 1487 nullus
984 1434 1033 1488 est
1059 1424 1235 1489 communis

141 1512 163 1542 ‘⁴
178 1506 399 1592 megistrstus,
420 1505 476 1573 scd
527 1506 663 1593 rincipes
684 1528 853 1594 regionum
866 1519 965 1596 etque
978 1530 1137 1597 pagorum
1149 1506 1235 1575 inter

140 1598 165 1659 ‘.‘
177 1614 253 1658 scos
287 1593 340 1680 jus
362 1592 486 1669 dicunt,
511 1593 809 1680 controversiasque
833 1594 994 1659 minuunt.
1053 1594 1236 1660 latrocinia

139 1685 164 1717 “
177 1678 303 1752 nullum
315 1679 437 1761 hebent
449 1678 623 1756 infamium,
644 1702 718 1767 qure
730 1692 823 1745 extra
837 1679 914 1745 fines
926 1680 1083 1781 cujusque
1096 1679 1235 1745 civitatis

140 1772 164 1802 ‘⁴
177 1764 282 1839 fiunt3
303 1778 403 1853 etque
421 1788 460 1831 ea
475 1766 651 1833 'uventutis
663 1765 849 1831 exercendus
860 1790 898 1831 ao
911 1766 1037 1833 desidiae
1057 1766 1234 1832 minuendse

141 1858 165 1889 “
179 1874 291 1917 ccum
303 1851 374 1917 fieri
387 1789 577 1953 pmdcant.
623 1853 746 1937 Atque,
763 1852 821 1916 ubi
834 1852 904 1939 quis
916 1876 956 1918 ex
973 1851 1179 1940 Principibus
1200 1852 1234 1921 in

141 1945 164 1976 “
180 1938 318 2003 concilio
330 1937 424 2015 dixit,
452 1964 485 2005 se
507 1938 624 2004 ducem
641 1938 728 2012 fore;
755 1938 813 2023 qui
832 1938 923 2021 sequi
935 1936 1048 2011 velint,
1064 1937 1234 2025 profitesn·

141 2032 165 2065 ‘⁴
182 2035 259 2099 tur;
286 2038 485 2113 consurgunt
505 2026 539 2103 ii,
590 2024 623 2089 ui
638 2037 678 2090 et.
694 2044 836 2087 caussam
861 2034 895 2087 et
919 2021 1078 2089 hominem
1093 2026 1233 2125 probunt

139 2118 164 2151 “
179 2134 340 2198 suumque
353 2112 509 2213 auxilium
532 2049 727 2213 pollicentur
750 2118 848 2195 atque
873 2109 917 2173 ab
937 2108 1145 2175 multitudine
1158 2134 1232 2176 con·

140 2205 164 2237 ‘⁶
180 2198 370 2263 nudantur:
393 2222 451 2287 qm
471 2222 512 2263 ex
532 2198 569 2263 ris
583 2195 684 2259 secuti
709 2216 774 2259 non
797 2205 884 2271 sunt,
914 2194 956 2261 in·
971 2195 1172 2263 desertorum
1194 2222 1233 2265 ac
1295 2250 1297 2255 ,
1398 2188 1403 2199 ’

140 2293 165 2324 “
207 2284 387 2349 roditorum
401 2307 534 2350 numero
546 2281 710 2346 ducuntur
730 2280 935 2368 omniumque
949 2281 986 2348 iis
1001 2304 1108 2348 rerum
1123 2296 1235 2370 postes

138 2380 162 2411 “
178 2308 258 2435 illes
280 2370 470 2457 derogetur.
517 2366 670 2455 Hospites
694 2366 828 2448 violare,
852 2368 899 2433 fas
926 2390 989 2434 non
1017 2380 1151 2455 putant;
1176 2372 1234 2459 qui

138 2468 161 2499 “
177 2478 307 2543 quaque
333 2456 374 2520 de
397 2476 506 2519 caussa
527 2454 570 2519 ed
591 2476 644 2518 eos
663 2454 823 2529 venerint,
852 2454 895 2520 ab
916 2455 1034 2542 injuria
1061 2455 1234 2544 prohibent
1341 2512 1347 2525 .

138 2554 368 2628 “sanctosque
390 2540 528 2616 hebent3
554 2539 591 2607 iis
614 2538 756 2607 omnium
769 2539 893 2607 ‘domus
917 2550 1042 2632 petent,
1066 2542 1234 2631 rictusque

138 2639 161 2681 ‘⁵
177 2628 467 2695 communicetur.”
510 2633 515 2649 '

179 2714 235 2779 24.
260 2716 311 2778 Ac
332 2714 396 2779 fuit
418 2724 512 2779 antea
532 2724 671 2801 tempus,
694 2736 796 2800 quum
813 2714 990 2777 Gemmuos
1006 2712 1094 2779 Galli
1111 2712 1233 2783 virtute

135 2812 340 2891 superarent,
361 2800 451 2865 ultro
466 2800 550 2866 bella
564 2800 732 2875 inferrent,
755 2811 891 2888 propter
905 2797 1068 2866 hominum
1084 2801 1233 2868 multitu-

136 2888 246 2954 dinem
268 2886 404 2977 agrique
427 2885 569 2975 inopinm
599 2899 688 2953 trans
713 2886 864 2951 Rhenum
885 2885 1024 2951 colonius
1053 2887 1230 2957 mitterent.

136 3054 187 3103 bus
208 3052 392 3102 Gennsnorum
407 3048 522 3103 edificiis
541 3067 566 3099 v.
598 3050 661 3100 Tne.
709 3066 767 3102 som
786 3052 875 3117 Populi
895 3051 1005 3103 Rotnani
1023 3053 1164 3115 defendere,
1185 3054 1242 3117 sic„

138 3118 258 3168 German.
277 3133 335 3180 csp.
354 3120 392 3166 16.
407 3117 447 3165 Μ.
478 3116 585 3165 Miseros
600 3116 662 3165 Ger·
711 3118 803 3168 bonam
823 3118 955 3167 elmodam
972 3124 1231 3193 causamme-ipen,

136 3198 272 3233 munorum
300 3181 487 3231 mansiunculas
507 3180 561 3229 sive
589 3196 662 3231 cusas
709 3182 849 3243 defendere.
866 3179 1233 3247 Sanecsusssnonsignrflcct

138 3248 250 3297 exhibet
271 3247 392 3296 columns
412 3244 540 3295 Antonine
562 3246 661 3295 Romae.
711 3260 781 3305 rern3
798 3249 841 3295 sed
853 3260 939 3294 sensus
957 3245 981 3293 in
992 3246 1108 3296 versione
1118 3255 1145 3297 et
1155 3247 1232 3301 inter·

143 3314 246 3377 Vir-yses
256 3313 372 3361 beddure
383 3326 454 3361 cam
467 3312 608 3370 netem,
624 3325 664 3359 re·
712 3310 854 3373 pretatione
865 3324 897 3359 eo
908 3308 984 3370 redit,
1002 3318 1030 3359 ut
1046 3310 1154 3377 intelligi
1172 3331 1231 3379 pos-

138 3378 188 3427 iert
197 3377 342 3429 tommdes
350 3378 382 3424 de
393 3376 448 3424 reb.
459 3374 517 3423 Get.
526 3390 550 3422 c.
562 3378 586 3420 2.
712 3374 747 3423 sit
760 3374 816 3437 ipse
826 3390 874 3423 res.
892 3376 929 3423 M.

172 3442 322 3492 latissimas
340 3442 485 3489 solitudines
506 3438 605 3489 habere.
621 3437 662 3486 Cl.
746 3440 821 3490 eides
841 3440 983 3503 darentur.
1015 3440 1084 3491 Bene
1105 3440 1141 3493 sic
1163 3444 1231 3495 Oud.

139 3508 166 3567 4,
177 3511 202 3555 8.
219 3507 259 3553 M.
275 3504 329 3554 Alii
340 3508 471 3555 lotium.
711 3503 813 3552 ecodd.
829 3503 954 3567 plerisque
964 3511 989 3551 et
998 3505 1056 3553 edd.
1073 3515 1124 3556 ret.
1146 3508 1231 3573 Vulgo

161 3572 263 3635 'Neque
283 3585 435 3635 qumquem
450 3584 535 3633 prope.
550 3566 597 3616 alii
617 3568 663 3615 sd·
710 3569 857 3631 abroqotur.

140 3639 205 3687 dunt
214 3652 249 3695 se,
260 3632 346 3683 invitis
356 3634 430 3683 codd.
441 3639 467 3680 et
477 3633 535 3681 edd.
546 3640 598 3680 vet.
748 3634 863 3697 Hospites
874 3632 979 3682 violare.
1005 3634 1091 3700 Major
1107 3636 1159 3684 imo
1170 3638 1245 3689 ildes-

174 3700 527 3764 deessemus-dedosane.
560 3693 664 3760 Subpli-
711 3711 772 3761 ergo
782 3697 895 3761 hospites
904 3712 981 3759 qusm
993 3698 1073 3749 cives.
1107 3700 1147 3749 Sic
1162 3701 1232 3753 Meis

139 3764 181 3815 cis
191 3779 287 3823 νοω
297 3764 447 3827 magistratu
458 3762 572 3819 decreta,
582 3776 664 3810 sucer-
712 3764 737 3821 8,
757 3767 780 3811 8.
798 3764 930 3827 nepisina
946 3770 1045 3813 tontum
1068 3766 1141 3814 bonos
1160 3766 1235 3817 dicit.

139 3832 214 3882 dotes
224 3842 300 3877 manu
318 3844 365 3877 sus
381 3843 397 3875 s
413 3825 585 3875 condemnatis
595 3842 664 3875 sum·
711 3826 753 3875 Cf.
764 3834 790 3877 et
802 3827 859 3877 Nic.
871 3828 1044 3877 Damascena:
1055 3828 1086 3876 de
1096 3844 1158 3890 mor.
1166 3841 1233 3895 gent.

141 3892 332 3955 seruntffscit.
341 3892 461 3942 German.
476 3907 500 3939 c.
513 3892 548 3951 7),
559 3890 585 3939 id
594 3892 663 3955 quod
712 3906 740 3955 p.
752 3894 850 3957 &apud
863 3892 990 3944 Stobaeum
1006 3897 1028 3953 1,
1039 3896 1233 3957 dt.p.292.ubi

143 3968 197 4009 tom
216 3955 495 4007 nullsmwontumeliae
515 3955 664 4019 opinionem
712 3956 795 4023 simile
806 3956 866 4021 quid
877 3959 908 4007 de
918 3956 1007 4008 Celtis.

143 4022 245 4074 hebuit.
278 4024 318 4071 M.
751 4022 901 4073 verobona
915 4024 960 4087 inf.
985 4020 1069 4085 Vulgo
1091 4031 1114 4073 et
1131 4026 1235 4077 elevet

178 4092 227 4145 Ου’
236 4089 316 4151 sequti.
343 4086 666 4151 Anteqet'recsntioreset
712 4085 771 4136 dein
792 4103 823 4136 oc
841 4096 950 4152 propter.
989 4088 1133 4150 Asyndeton
1160 4091 1234 4141 codd.

142 4153 298 4204 inseruerant
312 4160 401 4201 contre
414 4152 487 4202 codd.
505 4154 543 4202 Μ.
559 4152 665 4201 Sustulit
712 4151 818 4202 hebent.

144 4217 211 4269 Oud.
295 4248 300 4255 ·
752 4217 835 4267 Trans
855 4220 971 4269 Rhenum
986 4220 1095 4269 colonius
1104 4222 1234 4271 mitterent.

176 4281 503 4347 emmeramensi.
517 4280 559 4329 Sic
572 4280 667 4331 dicitur
715 4280 792 4329 Haud
818 4283 998 4335 dubieCaessr
1017 4299 1049 4332 ee
1072 4292 1186 4348 tempore
1208 4286 1234 4335 in

143 4364 235 4401 ussto
244 4352 387 4403 cermel
400 4348 520 4427 Pompeii,
533 4346 582 4407 sic,
595 4362 667 4400 core·
714 4344 799 4401 suino
819 4348 917 4411 hebuit,
931 4349 963 4399 dc
979 4348 1074 4417 quibus
1092 4348 1183 4401 Livius
1198 4350 1236 4412 (ὅ,
