2909 4809
443 236 530 304 iin.
553 236 580 305 i.
627 240 728 307 cii.
752 242 892 313 ir-so.
1033 203 1036 210 “
1191 248 1235 317 si

139 424 161 489 ii
178 424 276 491 vellet
288 424 470 509 Ariovistus
481 427 597 514 proelio
609 429 811 508 contendere,
826 430 856 497 ei
870 443 1011 521 potestas
1021 454 1086 501 non
1098 431 1238 503 deonoti

140 511 321 581 Ariovistus
349 512 396 577 his
422 514 568 579 omnibus
594 515 706 581 diebus
727 518 903 583 exercitum
922 522 1031 586 castris
1054 522 1232 601 continuit3
1262 534 1286 601 J

137 599 277 685 equestri
294 598 414 749 proelio
434 600 577 686 quotidie
597 603 770 669 contendit.
818 605 928 673 Genus
941 592 1001 671 hdc
1015 620 1085 673 erat
1099 605 1231 701 pugiiae,

137 708 202 773 quo
231 709 264 749 se
326 686 444 751 armani
472 700 690 753 exercuerant.
737 688 895 775 Equitum
923 692 1010 757 milis
1038 706 1129 761 erant
1157 718 1231 772 sex;

137 772 270 837 totidem
301 794 434 837 numero
486 772 584 837 editos
609 773 796 841 velocissimi
819 800 857 841 ac
877 776 1053 853 fortissimi;
1083 777 1164 869 quos
1190 804 1234 847 ex

136 858 222 925 omni
246 858 341 945 copia
365 862 411 923 sin
436 796 484 923 uli
503 858 656 947 singulos,
679 885 745 926 suae
766 861 876 947 salutis
890 885 1009 940 caussa,
1031 861 1233 966 delegerant,

136 946 222 1011 Cum
236 942 284 1009 his
298 946 330 1010 iii
345 881 466 1032 proeliis
480 944 700 1023 versabantur,
712 948 753 1012 ad
765 946 822 1013 hos
835 972 867 1015 se
881 950 1005 1037 equites
1016 952 1232 1041 recipiebantt

134 1030 177 1105 hi,
192 1032 219 1095 si
231 1032 312 1117 quid
322 1042 392 1095 crat
403 1030 526 1105 durius,
539 1034 787 1100 concurrebant:
810 1035 837 1100 si
850 1035 920 1125 qui,
935 1036 1083 1123 graviore
1097 1038 1233 1104 vulnere

133 1142 208 1185 acce
234 1128 281 1193 to,
297 1141 381 1205 equo
395 1116 568 1193 deciderat,
581 1116 871 1203 circumsistebant:
895 1122 920 1187 si
935 1146 1001 1210 quo
1016 1127 1086 1189 erat
1103 1123 1232 1214 longius

135 1140 371 1293 proiidundum,
392 1216 450 1268 eut
463 1204 598 1269 celerius
609 1206 838 1304 recipiendum,
859 1218 950 1273 tanta
962 1221 1032 1274 erat
1047 1206 1162 1277 horum
1176 1234 1231 1276 ex·

131 1291 321 1443 ξὲοἱῐεῐίοῃε
348 1290 504 1365 celeritas,
535 1303 584 1367 ut,
608 1290 695 1378 jubis
720 1316 878 1380 equorum
900 1294 1073 1384 sublevati,
1098 1318 1231 1364 cursum
1296 1340 1301 1347 -

172 1402 198 1443 ae
223 1388 349 1443 nerent.

175 1401 230 1529 43.
256 1463 326 1529 Ubi
346 1486 419 1527 euin
436 1462 546 1544 castris
565 1486 597 1527 se
611 1474 719 1528 tenere
735 1452 842 1530 osser
861 1465 1031 1543 intellexit,
1054 1490 1094 1533 ne
1107 1467 1231 1537 diutius

133 1560 313 1617 commeatu
329 1548 568 1637 prohiberetur,
591 1549 679 1615 ultra
693 1572 767 1615 eum
781 1548 900 1625 locum,
919 1568 988 1640 quo
1010 1554 1043 1620 iii
1057 1552 1130 1622 loco
1147 1553 1230 1622 Ger-

132 1637 216 1703 nani
247 1636 463 1710 conoederent,
489 1636 618 1700 circiter
647 1658 756 1724 passus
781 1648 944 1703 sexcentos
971 1637 1014 1704 ab
1027 1638 1091 1716 eis,
1119 1642 1233 1708 castris

121 1720 282 1789 'idoneum
305 1722 412 1787 locum
435 1721 567 1810 delegit,
590 1721 721 1809 scieque
746 1721 869 1810 triplici
890 1724 1059 1801 instructa,
1088 1724 1130 1793 ad
1154 1750 1231 1793 euin

132 1808 240 1875 locum
255 1809 353 1873 venit.
401 1808 540 1873 Primam
564 1819 597 1872 et
617 1808 787 1872 secundam
800 1808 899 1872 aciem
912 1805 945 1873 iii
958 1812 1054 1875 armis
1067 1836 1143 1887 esse,
1166 1823 1233 1880 ter·

131 1896 208 1961 tiam
225 1907 329 1961 costra
347 1895 470 1959 munire
486 1894 589 1981 jussit.
636 1893 700 1958 Hic
716 1895 805 1958 locus
819 1894 862 1958 ab
874 1893 965 1960 hoste
978 1896 1106 1964 circiter
1122 1922 1233 1987 pessus

130 1994 308 2057 sexcentos,
329 1981 379 2053 nti
400 1980 596 2055 dictumest,
618 1979 741 2045 aberat.
786 1980 836 2045 Eo
852 1980 980 2046 circiter
994 1979 1157 2049 hominum
1170 2007 1232 2051 uii-

131 2091 220 2135 mero
234 2066 315 2133 XVI
332 2068 418 2133 milia
429 2066 578 2154 expedita
593 2088 667 2130 cuin
678 2066 764 2131 omni
777 2066 927 2153 equitatu
940 2067 1122 2135 Ariovistus
1133 2072 1231 2149 misit,

155 2178 204 2221 uae
231 2155 333 2243 copiae
360 2166 484 2219 nostros
510 2164 730 2241 perterrerent
751 2163 785 2217 et
808 2152 984 2220 munitione
1008 2154 1230 2245 prohiberent.

132 2178 246 2307 itihilo
261 2241 362 2307 secius
378 2240 496 2316 Caesar,
521 2251 559 2303 nt
578 2251 652 2319 ante
666 2240 890 2315 constituerat,
912 2240 992 2306 duas
1012 2242 1094 2320 acies
1108 2241 1232 2311 hostem

156 2328 336 2417 repulsare,
361 2326 489 2391 tertiam
512 2348 594 2426 opus
610 2316 775 2415 perficere,
793 2321 896 2413 jussit.
944 2326 1083 2394 Munitis
1106 2326 1230 2409 castris,

129 2352 208 2479 duas
222 2414 268 2479 ibi
282 2414 421 2501 legiones
433 2411 565 2500 reliquit
579 2423 613 2476 et
627 2425 753 2512 partem
766 2412 977 2489 auxiliorum
1000 2425 1143 2502 quatuor
1156 2417 1230 2485 reli·

131 2524 210 2589 quas
226 2500 258 2566 in
273 2512 377 2565 castra
391 2497 511 2649 megbis
531 2498 669 2563 reduxit.

173 2588 228 2653 50.
256 2587 408 2653 Proximo
454 2586 494 2660 ie,
508 2584 666 2650 instituto
688 2607 759 2660 suo,
785 2584 892 2651 Caesar
912 2609 930 2650 e
953 2586 1064 2652 castris
1082 2588 1231 2678 utrisque

131 2676 240 2776 copias
268 2696 340 2738 suas
368 2672 494 2738 eduxit:
529 2670 742 2760 paullumque
771 2694 791 2735 a
819 2670 994 2759 majoribus
1051 2696 1229 2761 regressus,

129 2784 229 2827 aciem
245 2758 399 2825 instruxit
409 2758 619 2859 hostibusque
635 2757 799 2907 pupnandi
820 2770 1014 2845 potestatem
1026 2696 1117 2825 iecit.
1158 2762 1231 2831 Ubi

130 2870 168 2913 ne
181 2860 253 2913 tum
268 2846 398 2935 quidem
411 2868 465 2911 eos
501 2844 607 2909 rodire
622 2844 687 2908 inte
701 2844 791 2918 laxit,
812 2844 941 2909 circiter
957 2844 1121 2912 meridiem
1137 2871 1228 2917 exer·

128 2936 229 3001 citum
253 2933 286 2999 in
309 2944 413 2997 cestra
439 2954 473 2996 r¹
497 2931 577 2995 uxit.
628 2928 713 2995 Tum
738 2930 867 2995 demum
893 2930 1075 2997 Ariovistus
1098 2948 1227 3022 purtem

127 3044 260 3087 suarum
289 3020 469 3119 copiarum,
496 3040 569 3104 quae
596 3028 700 3081 castre
724 3018 850 3083 minora
877 3017 1094 3105 obpugnaret,
1119 3021 1225 3087 misit:

127 3109 247 3174 acriter
270 3117 433 3191 utrimque
457 3127 558 3191 usque
581 3104 621 3168 ad
640 3126 808 3191 vesperum
831 3116 1014 3191 pugnatum
1031 3117 1090 3170 est.
1138 3106 1225 3174 Solis

127 3218 242 3261 occasu
262 3216 334 3258 suas
357 3192 465 3280 copias
486 3190 679 3266 Ariovistus,
700 3190 811 3255 multis
838 3201 872 3254 et
895 3190 1008 3259 inlatis,
1022 3202 1056 3255 et
1081 3196 1224 3283 acceptis

127 3280 327 3354 vulneribus,
348 3278 381 3343 iii
404 3288 508 3342 castra
522 3276 661 3342 reduxit.
707 3276 818 3352 Quum
842 3299 883 3341 ex
904 3299 941 3340 ca
966 3275 1040 3341 tivis
1062 3294 1224 3365 quereret

128 3369 247 3443 Cmr,
263 3388 362 3455 quam
375 3365 419 3430 ob
432 3388 498 3429 rein
513 3363 694 3429 Ariovistus
738 3362 831 3427 roelio
844 3383 908 3427 non
949 3374 1118 3441 ecertsret
1138 3364 1221 3433 hanc

126 3453 309 3544 reperiebat
335 3474 486 3527 caussam,
521 3449 609 3537 quod
636 3472 702 3539 spu
752 3449 928 3514 Germanos
959 3472 997 3513 ea
1022 3454 1227 3521 consuetudo.

160 3624 231 3685 stirp.
249 3623 315 3683 disp.
347 3616 473 3691 Dicebant
492 3613 584 3664 etiamr
610 3617 649 3689 ''i''
691 3610 757 3662 cori.
773 3611 877 3676 plurimi
894 3610 997 3663 babent.
1030 3600 1221 3691 Sicet5.2,t.

124 3678 648 3835 ξΐὺξσμςέῃιξᾜὲιῑὲιῗιῗᾶἒιῦξέἒξ
691 3684 907 3805 &Li’siidioriiiu
925 3740 1064 3821 ‘Plerique
1089 3744 1165 3794 codd.
1189 3754 1216 3797 et
1282 3798 1287 3803 ⁴

124 3818 229 3869 hinni
248 3814 375 3871 dixerunt,
395 3820 453 3859 ute
471 3808 650 3882 Xenophontis
688 3808 747 3856 edd.
757 3808 850 3856 athiunt
858 3814 951 3856 courir.
976 3808 1114 3857 nectem.
1194 3873 1201 3887 .

124 3880 184 3957 ''l'i
195 3882 239 3929 Gr.
251 3883 276 3938 7,
293 3884 366 3955 5,.23
382 3878 495 3952 adparet,
511 3872 564 3947 ubi·
575 3873 647 3936 plura
725 3873 799 3936 Apud
817 3873 1117 3983 Gamamcopruetwlo.
1148 3872 1216 3925 Arti-

123 3942 648 4085 tiittmrurrirsi
687 3936 1215 4079 cethlis?tl’it”ess?tl¹lttlr

124 4066 638 4203 &retinueritis
686 4063 1214 4205 lttthhlhlh‘h‘htthl‘h;

123 4210 163 4257 Μ.
180 4156 276 4255 hilmit-
639 4166 650 4206 i
687 4195 810 4255 fatidicis,
831 4194 925 4269 ouibus
950 4210 1042 4245 nomen
1063 4196 1214 4271 himnorum

154 4266 500 4321 mantuanam.
688 4278 733 4311 seu
741 4260 910 4309 Alironisrurn
919 4263 956 4325 (r.
963 4260 1092 4310 wichten
1099 4262 1216 4312 Glossar-

156 4338 278 4397 Nm,
285 4334 469 4387 thumum·
478 4326 651 4387 chomittuiit.
688 4326 805 4381 German·
816 4324 844 4378 ln
854 4342 880 4396 vg
889 4326 1030 4386 dimum)
1039 4324 1116 4379 (uim
1126 4326 1214 4395 perhi-
