2909 4809
149 3516 152 3521 ,
214 3400 486 3525 ligaminibus
494 3460 564 3508 docti
574 3459 657 3507 iecere
668 3462 741 3510 Nan·
790 3470 872 3512 terum
882 3465 914 3511 de
925 3462 1087 3512 multitudine
1097 3463 1220 3514 ostiorum
1231 3464 1319 3514 Rheni

220 298 266 366 ιι
532 292 596 363 ua
619 275 771 364 annno
795 291 1015 363 namuco.

216 496 241 529 ‘⁴
259 478 597 559 Mediomatricorum,
613 480 845 561 Tribucorum,
857 483 1068 551 Trevirormri
1080 478 1198 546 citatus
1211 476 1323 544 fertur

216 583 240 615 ‘⁶
255 583 301 647 et,
331 570 387 637 ubi
414 570 542 636 Oceano
570 569 824 659 adpropinquat,
852 572 885 637 in
915 570 1024 660 plures
1049 567 1170 633 diffluit
1197 578 1322 656 partes,

216 670 240 703 ‘⁴
256 657 366 725 multis
381 656 627 747 ingentibusque
641 656 757 737 insulis⁸
770 658 902 735 effectis,
924 679 1060 745 quarum
1117 678 1150 721 rs
1171 676 1289 742 magum
1302 674 1323 716 a

216 758 239 789 ‘⁶
255 744 332 811 leris
346 744 554 832 barbarisque
575 743 758 811 nationibus
778 745 941 820 incolitur,
963 768 1004 809 ex
1018 742 1075 831 qui
1098 766 1135 807 us
1154 753 1250 815 sunt,
1264 739 1323 828 qui

201 845 240 899 5⁶
257 832 395 921 piscibus
418 842 516 919 atque
539 830 607 897 ovls
628 832 737 897 avium
757 830 869 898 vivere
888 829 1135 905 existimantur,
1148 826 1324 915 multisque

179 984 180 995 ,
213 931 238 965 “
253 918 414 1071 capitibus
427 920 461 984 iu
477 918 641 984 Oceanum
655 916 794 984 influit.”
1326 936 1333 955 ⁸

263 1007 277 1071 l
305 1052 313 1068 .
338 1005 444 1079 Ceasar
459 1028 559 1092 quum
572 1006 615 1071 ab
627 1004 719 1071 hoste
729 1028 794 1072 non
805 1002 943 1093 amplius
952 1028 1100 1093 paoeuum
1113 1002 1179 1070 ΧΠ
1192 1002 1324 1068 milibus

149 1174 153 1179 Ι
213 1094 351 1168 abesset,
366 1104 489 1159 uteret
503 1092 725 1168 constitutum,
744 1092 788 1158 ad
800 1116 876 1157 eum
888 1092 989 1182 legati
1002 1102 1227 1158 revertuntur:
1251 1087 1322 1177 qui,

212 1180 248 1247 in
273 1178 388 1244 itinere
412 1179 584 1265 congressi,
609 1193 817 1280 magnopere,
842 1202 882 1244 ne
907 1178 1034 1267 longius
1059 1177 1322 1269 progrederetur,

205 1266 365 1333 orabant.
392 1264 521 1340 ,Quum
546 1264 579 1331 id
604 1288 670 1331 non
692 1277 918 1357 mpetrassent,
944 1266 1112 1354 petebant,
1135 1264 1185 1331 uti
1207 1264 1249 1330 ad
1267 1277 1329 1327 eos-

212 1351 349 1440 equites,
363 1350 420 1438 qui
434 1373 549 1453 agmen
563 1353 811 1431 antecessissent,
833 1353 1054 1440 praemitteret,
1077 1375 1194 1454 eosque
1209 1370 1322 1439 pugna

215 1437 418 1527 prohiberet;
441 1437 566 1524 nbique
586 1438 635 1502 uti
682 1451 853 1505 otestatem
873 1439 1005 1514 faceret,
1028 1440 1061 1503 in
1078 1438 1182 1505 Ubios
1196 1436 1322 1522 legatos

213 1524 381 1591 mittendi:
406 1536 429 1566 ⁶⁶
446 1547 585 1611 quorum
598 1525 624 1591 si
641 1462 806 1615 Iliincipee
828 1548 866 1589 ac
885 1536 1011 1589 senatus
1029 1525 1090 1590 sibi
1110 1520 1323 1611 jurejurando

214 1623 239 1654 “
255 1608 350 1677 fidem
375 1611 509 1688 fecisset,
536 1636 575 1678 ea
604 1611 797 1687 conditione,
822 1633 894 1698 quae
920 1630 940 1672 a
964 1608 1090 1674 Caesare
1112 1610 1265 1683 ferretur,
1288 1632 1323 1674 se

214 1710 367 1764 “usuros
392 1698 643 1765 ostendebant:”
673 1696 716 1764 ad
743 1700 873 1763 haeres
897 1694 1107 1759 conficiendas
1129 1694 1190 1758 sibi
1220 1694 1323 1759 tridui

211 1786 353 1875 epatium
365 1786 470 1853 daret.
518 1784 598 1851 Haec
611 1786 718 1850 omnia
734 1784 841 1857 Caesar
854 1779 968 1845 eodem
985 1781 1042 1846 illo
1058 1780 1219 1870 pertinere
1233 1782 1322 1846 albi-

211 1873 377 1949 trabatur,
399 1885 449 1947 ut,
473 1871 572 1936 tridui
586 1893 677 1936 mora
691 1867 893 1958 interposita,
915 1866 1038 1954 equitas
1051 1890 1174 1944 eorum,
1190 1868 1248 1955 qui
1262 1868 1322 1934 ab·

210 1970 326 2035 essent,
339 1968 593 2024 reverterentur:
618 1968 727 2023 tamen
740 1979 805 2021 sese
816 1978 880 2021 non
891 1954 1018 2043 longius
1029 1954 1159 2020 milibus
1170 1978 1323 2057 passuum

211 2059 355 2134 quatuor
383 2044 564 2130 aquationis
592 2067 700 2108 caussa
730 2064 951 2129 processurum
979 2065 1018 2106 eo
1045 2041 1096 2108 die
1124 2042 1222 2107 dixit:
1257 2042 1323 2107 huc

211 2144 344 2222 postero
368 2131 420 2196 die
446 2152 546 2216 quam
564 2128 817 2215 xfrequentissimi
842 2126 1062 2204 convenirent,
1086 2139 1125 2193 ut
1148 2127 1190 2193 de
1207 2152 1321 2195 eorum

211 2218 383 2309 postulatis
405 2228 621 2303 cognosceret.
668 2214 802 2279 Interim
816 2213 859 2279 ud
876 2213 1059 2291 Praefectos,
1074 2215 1219 2303 quicum
1233 2216 1323 2282 omni

208 2305 362 2393 equitatu
390 2313 636 2375 antecesserant,
673 2300 788 2375 mittit,
822 2300 879 2387 qui
913 2301 1115 2378 nunciarent,
1146 2324 1186 2367 ne
1215 2300 1323 2369 hostes

100 2385 103 2391 ’
210 2391 329 2496 proelio
341 2389 531 2453 lacesserent
545 2398 590 2463 et,
613 2386 639 2452 si
654 2386 714 2475 ipsi
729 2387 971 2465 lacesserentur,
985 2390 1190 2465 sustinerent,
1211 2390 1323 2477 quoad

211 2502 281 2569 rpse
296 2500 368 2542 cum
383 2472 527 2541 exercitu
542 2473 677 2563 propius
692 2474 879 2540 accessisset.

261 2562 519 2645 laniantes,
543 2560 601 2627 ubi
624 2558 766 2649 primum
786 2573 912 2628 nostros
931 2561 1055 2650 equites
1071 2576 1321 2653 conspexerunt,

235 2669 351 2719 'uorum
363 2660 435 2715 erat
449 2648 592 2737 quinque
603 2648 728 2713 milium
740 2671 903 2725 numerus,
914 2673 1014 2736 quum
1030 2650 1091 2737 ipsi
1104 2672 1168 2717 nou
1180 2650 1322 2741 amplius

213 2780 215 2789 =
250 2739 340 2805 OOC
367 2735 492 2823 equites
516 2734 683 2812 haberent,
710 2734 800 2822 quod
825 2736 859 2812 ii,
886 2736 942 2824 qui
967 2735 1185 2803 frumentandi
1210 2762 1321 2805 caussa

210 2828 318 2893 ierant
345 2836 436 2888 trans
467 2822 604 2897 Mosam,
635 2822 779 2889 nondum
814 2822 988 2899 redierant,
1022 2823 1101 2889 nihil
1131 2825 1323 2891 timentibus

209 2912 339 2986 nostris,
387 2906 451 2972 uod
466 2908 564 2993 legati
579 2930 693 2975 eorum
704 2909 820 2999 'paullo
833 2923 908 2975 ante
922 2932 943 2974 a
958 2910 1085 2975 Caesare
1098 2911 1320 2989 discmerana

210 3010 310 3086 atque
324 2997 351 3061 is
363 2932 432 3060 dies
445 2994 579 3060 induciis
593 3006 663 3061 erat
677 2995 778 3062 abeis
793 2999 924 3085 petitus,
936 2996 1048 3085 inpetu
1062 2998 1159 3074 facto,
1171 2997 1321 3065 celeriter

212 3098 340 3155 nostros
365 3080 652 3173 perturbaverunt.
699 3082 825 3149 Rursus
849 3084 1073 3151 resistentibus
1094 3087 1222 3163 nostris,
1245 3109 1321 3153 con-

212 3349 276 3401 qttot
294 3338 372 3385 mum
390 3334 445 3395 ejus
454 3330 635 3445 ffi?”5.s⁰'¹²⁶⁸
653 3334 742 3383 ιίιιιιιι
790 3342 937 3415 extremm.
971 3333 1248 3418 indumetaphnest,
1260 3344 1322 3383 rot·

485 3412 493 3444 ι
514 3411 582 3443 emm
606 3396 741 3458 legebatur
791 3407 837 3452 aas
848 3416 954 3459 mmo
964 3404 1080 3455 ιισβιλλιι
1090 3419 1118 3452 us
1137 3406 1248 3452 sssum.
1269 3398 1321 3448 Ce-

212 3536 302 3589 mater,
314 3526 431 3586 Cereris,
442 3520 575 3582 involant,
588 3524 740 3574 auctoritate
790 3534 817 3575 et
826 3528 939 3577 dissensu
948 3528 1100 3593 scriptorum
1109 3529 1319 3592 superincreet
1355 3584 1360 3591 ¹

212 3588 740 3718 rarissimum-esre
788 3657 1320 3722 n„

129 3774 135 3787 ,
210 3726 369 3777 Ιειιιιιιιιιιιιι
387 3718 593 3784 lucumsbleget,
610 3726 639 3768 ut
653 3718 740 3769 Cesar
790 3720 905 3771 inNotit.
913 3723 991 3773 Orbis
1002 3730 1027 3785 2,
1038 3729 1063 3783 ³,
1074 3730 1098 3773 ⁵.
1109 3723 1165 3773 init.
1175 3724 1219 3787 qui
1229 3724 1320 3773 existi-

214 3792 239 3851 8,
254 3794 275 3841 l.
477 3849 482 3859 Ι
788 3786 1211 3847 ιιιιῐ,οιειιιειιι,οιιιιιιιιιιὶωοιῐίιι
1217 3788 1319 3849 dixerit,

249 3856 424 3905 Ίιίὺιιοιηιιιι.
449 3851 514 3900 alma
535 3846 739 3899 tietmarum.
788 3848 941 3901 intellexisse
952 3851 1028 3901 etiam
1045 3851 1112 3904 rivos
1126 3862 1154 3901 et
1166 3852 1256 3913 elices,
1305 3870 1319 3903 r

212 3918 350 3983 dequibus
361 3914 600 3989 v.Schoepdiuua,l.
611 3930 636 3963 c.
647 3917 738 3977 plac.
786 3931 851 3978 quos
864 3918 913 3966 sub
925 3916 981 3966 illas
996 3917 1112 3982 regiones
1122 3918 1229 3969 Rhenus
1239 3868 1321 3967 aidi-

249 3984 387 4047 Capitium.
423 3982 520 4030 Dccurt
544 3978 739 4042 Oudendorpius
788 3981 926 4030 coaluerit.
943 3984 982 4032 M.
1232 3998 1237 4007 ’

211 4044 738 4104 adLatmum3,201‚cumeraliis,tum
822 4046 1117 4110 Fectwst.aliisecr'sset.
1150 4047 1192 4098 Sic
1204 4055 1230 4097 et
1240 4048 1316 4100 alibi.

212 4110 343 4164 eLiviano
355 4109 413 4159 loco
426 4112 467 4169 33,
480 4112 520 4169 41,
538 4117 612 4173 caput
617 4111 738 4175 fluentum
787 4109 1045 4175 v.C.l,2.ellex.2.

211 4178 289 4229 etiam
302 4173 550 4238 ommsigniflcare,
567 4173 614 4223 etsi
628 4175 738 4237 plerum·
821 4177 911 4229 Qtaeo
924 4177 1109 4241 Cer-serretur.
1136 4176 1178 4227 Cl.
1188 4193 1213 4228 c.
1222 4182 1248 4228 8.
1259 4180 1301 4229 M.

210 4240 382 4310 qaeestsosu.
402 4233 737 4301 Ergoinhujusmodilocis,
822 4240 921 4290 nunus
940 4240 1064 4307 siguificat
1091 4258 1176 4305 porro,
1197 4251 1251 4306 sut,
1275 4244 1318 4293 vi-

165 4350 168 4355 .
210 4308 280 4376 quod
290 4315 316 4356 et
327 4305 441 4355 Gemero
452 4300 477 4351 in
488 4302 564 4350 Thes.
576 4300 644 4351 L.L.
655 4302 736 4353 visum
786 4304 880 4355 sisaim.
893 4306 931 4355 Μ.
964 4306 1094 4359 Melenos
1104 4308 1253 4361 adverbium
1263 4308 1318 4362 rir-

211 4382 259 4439 ert,
275 4379 352 4440 ceput
371 4368 466 4421 indicat
486 4374 583 4433 partem
602 4382 736 4430 ιιιιιιιιιι,
785 4371 933 4437 guhanq.
944 4388 1008 4424 voce
1017 4373 1159 4440 sejungunt.
