2909 4809
455 287 544 358 ΗΒ.
568 289 595 358 1.
640 289 742 358 CAP.
766 291 908 374 85⁵8?st
1168 299 1232 370 ³09

129 481 159 514 “
177 473 380 559 commutari,
399 497 440 544 ue
462 499 503 544 ex
519 477 667 567 Praetura
690 489 725 544 et
747 479 940 560 Consulatu,
962 493 1003 550 ut
1018 503 1155 575 semper,
1177 487 1233 558 sed

127 571 157 600 “
177 585 371 649 perpaucos
385 564 518 654 probsti
536 577 572 631 et
584 565 680 632 electi
694 565 726 632 in
742 567 923 655 provincias
937 568 1123 639 mittantur:
1147 573 1181 640 iu
1196 601 1233 642 se

130 659 159 690 ‘⁴
176 649 281 737 aetatis
304 651 539 720 excusationem
560 651 640 719 nihil
655 652 775 730 valere,
797 654 884 743 quod
906 656 1124 744 superioribus
1138 659 1234 728 bellis

132 746 158 776 ‘⁶
177 735 310 823 probati
331 736 373 804 ad
392 738 582 806 obtinendos
604 738 763 828 exercitus
778 753 968 808 evocentur:
991 743 1025 810 in
1038 768 1072 809 se
1086 767 1150 811 uno
1165 769 1229 816 non

132 832 159 864 ‘⁶
176 823 310 900 servari,
333 825 423 912 quod
446 825 487 891 sit
509 826 658 894 omuibus
679 821 791 892 datum
813 851 939 917 semper
964 828 1231 920 Imperatoribus,

132 919 158 950 ‘⁴
169 923 225 988 ut,
240 911 337 977 rebus
350 911 486 978 feliciter
502 912 610 1000 gestis,
631 925 691 980 cut
703 927 777 978 cum
791 913 911 980 honore
926 915 1048 1004 aliquo,
1067 930 1126 984 aut
1141 931 1230 988 certe

131 1007 157 1036 ‘⁶
174 995 241 1061 sine
252 995 426 1084 ignominia
437 998 570 1066 domum
581 1011 788 1066 revertantur
799 1003 1040 1090 exercitumque
1050 1002 1230 1072 dimittent.

132 1093 157 1124 “
177 1083 264 1158 Quae‘
281 1097 388 1152 tamen
407 1085 513 1152 omnis
536 1099 570 1152 et
588 1111 621 1152 se
641 1087 750 1152 tulisse
764 1087 925 1174 patienter
938 1101 975 1155 ct
986 1113 1051 1156 esse
1067 1089 1229 1168 laturum:

132 1182 157 1211 ‘⁸
174 1191 277 1255 neque
292 1193 378 1238 nunc
390 1172 425 1238 id
437 1195 545 1262 agere,
556 1184 595 1238 ut
607 1174 650 1240 ab
663 1172 727 1239 illis
740 1173 917 1240 obductum
930 1176 1105 1244 exercitum
1120 1189 1230 1246 teneat

132 1269 157 1298 “
175 1255 254 1344 ipse,
270 1259 360 1344 quod
379 1270 485 1326 tamen
507 1259 568 1327 sibi
589 1258 717 1326 difficile
732 1282 797 1326 non
810 1261 872 1336 sit:
890 1261 945 1328 sed
960 1285 999 1329 ne
1014 1262 1061 1330 illi
1076 1261 1229 1344 habesnt,

131 1357 156 1386 ‘⁶
174 1366 242 1429 quo
255 1357 369 1410 contra
383 1370 416 1411 se
431 1346 480 1413 uti
493 1346 625 1435 possint.
672 1345 826 1425 Proinde,
845 1361 883 1417 ut
905 1362 987 1417 esset
999 1349 1135 1429 dictum,
1152 1375 1227 1442 pro-

130 1443 154 1472 “
172 1430 284 1496 vinciis
301 1431 493 1498 excederent
512 1433 688 1499 exercitum
713 1456 754 1498 ue
777 1432 992 1502 dimitterent:
1014 1437 1040 1506 ei
1054 1434 1088 1502 id
1105 1439 1148 1505 sit
1161 1439 1228 1508 foc·

129 1530 155 1560 “
172 1527 254 1592 tum,
278 1518 461 1585 nociturum
482 1544 515 1585 se
538 1519 673 1586 nemini:
725 1541 786 1586 auc
808 1545 904 1588 unam
925 1535 1025 1612 atque
1049 1534 1226 1594 extremam

128 1617 153 1647 ‘⁶
233 1603 259 1670 is
273 1629 341 1671 esse
353 1605 601 1674 conditionem.”

163 1777 168 1782 ⁴
195 1689 227 1754 6.
250 1689 290 1757 ld
310 1715 389 1758 vero
408 1692 566 1758 militibus
579 1692 643 1758 fuit
658 1703 848 1782 pergratum
862 1705 895 1759 et
906 1691 1099 1780 jucundum,
1120 1706 1158 1760 ut
1182 1721 1224 1773 ex

126 1777 199 1866 ipsa
207 1775 436 1866 significatione
446 1779 554 1868 potuit
566 1779 729 1870 cognosci:
742 1790 802 1855 ut,
811 1777 868 1880 qui
879 1777 1003 1867 aliquid
1016 1780 1092 1854 victi
1104 1780 1224 1850 iucom-

127 1863 215 1930 modi
229 1867 509 1954 exspectavissent,
521 1865 609 1932 ultro
617 1867 786 1968 praemium
797 1865 950 1932 missionis
962 1861 1095 1932 ferrent.
1121 1869 1155 1934 N
1157 1893 1223 1948 am,

126 1974 230 2038 quum
246 1952 287 2017 de
301 1952 372 2020 loco
386 1963 421 2018 et
434 1964 582 2054 tempore
596 1976 664 2042 eJus
679 1953 725 2018 rei
741 1952 959 2018 controversia
973 1951 1165 2020 inferretur:
1188 1969 1224 2023 et

125 2061 205 2103 voce
232 2050 266 2104 et
289 2039 435 2106 manibus
453 2040 594 2106 universi
620 2064 660 2105 ex
680 2038 780 2116 vallo,
803 2039 858 2106 ubi
880 2039 1101 2116 constiterant,
1125 2041 1223 2144 signi-

126 2124 223 2190 ficsre
243 2138 424 2214 oeperunt,
450 2138 529 2192 “ut
549 2125 659 2192 stetim
679 2125 933 2202 dimitterentur,
953 2147 1057 2213 neque
1074 2149 1159 2193 omnr
1174 2129 1220 2196 in·
1303 2141 1305 2148 '

128 2223 151 2252 ‘⁶
169 2211 325 2300 terposita
338 2211 403 2278 tide
416 2211 545 2279 firmum
559 2237 625 2279 esse
639 2237 742 2304 posse,
763 2211 789 2277 si
810 2211 843 2276 iu
865 2212 953 2278 alind
972 2223 1101 2300 tempus
1113 2213 1222 2282 differ·

126 2309 150 2340 ‘⁴
166 2301 289 2365 retur.’'
332 2298 447 2365 Paucis
482 2324 559 2366 uum
574 2312 656 2367 esset
670 2299 702 2372 in
718 2309 1025 2400 utramquepartem
1038 2300 1145 2368 verbis
1157 2301 1228 2370 dir..

124 2398 299 2474 putatum:
327 2408 377 2452 res
391 2324 653 2462 hucleducitun
676 2398 715 2452 ut
736 2386 770 2462 ii,
791 2410 848 2473 qur
869 2385 1009 2452 habeant
1024 2385 1227 2456 domicilium·

123 2485 182 2538 aut
212 2471 421 2562 possessiones
450 2471 483 2540 in
514 2473 682 2563 Hispania,
708 2472 838 2547 stetim:
877 2471 994 2560 reliqui
1023 2473 1064 2538 ad
1085 2474 1219 2542 *Varum

124 2559 242 2626 flumen
263 2558 488 2626 dimittantur:
517 2582 558 2625 ne
579 2560 659 2649 quid
678 2559 723 2625 eis
744 2567 912 2636 noceatur,
933 2581 996 2625 neu
1012 2558 1085 2647 quis
1099 2559 1220 2630 invitus

123 2658 355 2712 aeramentum
366 2646 473 2714 dicere
486 2658 655 2736 cogatura
669 2647 808 2721 cesare,
824 2657 970 2710 cavetur.

168 2731 221 2798 87.
245 2733 351 2800 Caesar
365 2757 404 2799 ex
417 2758 457 2800 eo
470 2745 627 2822 tempore,
640 2734 718 2800 dum
734 2733 775 2799 ad
789 2731 908 2797 flumen
921 2731 1045 2796 Varum
1057 2729 1218 2808 veniatur,

123 2843 157 2886 se
173 2820 370 2886 frumentum
382 2821 536 2886 daturum
602 2819 751 2886 llicetur:
776 2817 868 2884 addit
888 2817 997 2892 etiarn,
1017 2827 1067 2892 ut,
1095 2829 1118 2860 ‘⁶
1158 2817 1217 2886 uid

123 2918 147 2947 ‘⁶
162 2907 301 2994 quisque
320 2930 432 2973 eorum
459 2907 491 2973 iu
514 2843 602 2973 belli
624 2905 778 2982 amiserit,
802 2928 874 2994 quae
896 2903 960 2969 sint
980 2925 1076 2994 penes
1101 2841 1219 2970 milites

122 3005 146 3036 “
162 3018 247 3072 suos,
263 2993 311 3071 iis,
327 2994 385 3086 qui
397 2993 572 3070 mulserint,
586 2993 819 3061 restituatur:”
840 2991 1009 3069 militibus,
1022 3013 1116 3081 oeque
1130 2990 1219 3060 facta

121 3256 175 3306 bu'r.
195 3257 316 3321 ut'Hisp.
333 3259 373 3307 89.
392 3259 470 3308 soluti
488 3269 542 3305 m
555 3259 646 3320 prasi-
691 3255 726 3304 αἱ
745 3255 887 3306 obtinendos
904 3259 1024 3307 emetiar
1043 3263 1091 3316 ert,
1111 3256 1170 3308 ideo
1189 3266 1218 3310 ut

122 3323 203 3374 dinus.
219 3323 266 3373 ubi
280 3323 324 3373 alii
340 3325 438 3374 salsam
469 3321 513 3371 sic
523 3321 554 3369 G.
565 3327 590 3378 5,
602 3324 643 3369 48.
693 3319 831 3384 Pompeius
842 3321 933 3370 habere
946 3321 1025 3386 possit
1039 3322 1165 3374 exercitus
1177 3322 1217 3374 ln-

122 3385 241 3438 Oudend.
252 3389 338 3438 mallet
348 3391 472 3439 conmuni
481 3389 559 3436 aalma·
568 3388 643 3434 αντὶ-
691 3395 784 3447 tegros‚
794 3401 874 3450 neque
886 3395 970 3434 carent
982 3385 1022 3446 iis,
1038 3387 1103 3436 unde
1115 3388 1216 3451 possint

121 3453 194 3506 lim
225 3454 310 3503 Bentl.
322 3453 421 3503 mavult
433 3452 583 3517 precidem
599 3451 642 3499 sed
690 3452 816 3500 exercitus
827 3449 927 3499 confici.
944 3451 982 3499 Μ.

119 3519 193 3566 codd.
206 3518 300 3568 bsbent
306 3519 434 3581 prasidio.
728 3517 797 3564 Victi.
819 3515 901 3564 Ccdd.
911 3514 1014 3578 quidum
1019 3519 1085 3580 jmtr'
1095 3517 1217 3580 veljrrars'.

156 3585 232 3633 Duc:
249 3586 328 3632 bellic.
343 3599 415 3647 proc.
451 3579 601 3646 llispauiarn
616 3588 642 3630 et
728 3582 806 3630 Ultro.
839 3579 888 3628 llic
909 3579 1025 3629 inseritur
1043 3580 1068 3630 in
1091 3583 1215 3631 eddvet.

119 3645 239 3697 Africam.
258 3652 386 3699 monim.
689 3645 755 3692 r'mle.
766 3644 810 3692 sed
821 3643 846 3692 id
857 3644 879 3692 in
887 3645 960 3693 codd.
968 3645 1128 3696 desideretur.
1145 3645 1214 3696 Oud.

155 3715 194 3762 Νι
213 3729 244 3762 ex
260 3717 338 3764 Praer.
357 3719 381 3762 et
398 3713 473 3762 Com.
495 3710 578 3770 uehi,
595 3710 639 3773 qui
688 3709 821 3772 conjectat,
833 3709 954 3772 scriptum
967 3709 1041 3758 luisse
1052 3713 1178 3763 mm.

120 3775 243 3828 Praetcres
252 3787 278 3828 et
287 3776 640 3828 Consuleslnisseut—Conl.
723 3776 895 3886 uppem.
928 3773 1216 3840 animemini-

118 3855 142 3890 ο.
154 3845 177 3890 6.
194 3845 234 3892 M.
688 3853 736 3887 nus
779 3855 817 3887 ne.

153 3909 204 3958 Per
222 3923 315 3974 mmo
327 3909 400 3974 prob.
417 3913 441 3958 et
458 3908 535 3956 electi.
567 3905 640 3956 Coul.
726 3905 822 3954 Varum
830 3904 939 3968 stum,
954 3905 1021 3967 quod
1036 3903 1133 3954 lutiam
1152 3904 1215 3956 Gsl·

118 3969 183 4021 ibid.
200 3975 238 4023 Μ.
686 3967 795 4032 linmque
828 3967 875 4016 sub
907 3969 1015 4033 Alpibus
1045 3969 1213 4022 disterminat.

153 4035 639 4089 Inscoetalit-Nonlicebatvetercno
690 4035 781 4084 Gellcr.

120 4100 208 4163 militi,
216 4103 472 4167 peroetstemmilitirn
480 4100 639 4150 vocationem
719 4101 918 4148 Sacramentum.
964 4095 1006 4148 Sic
1027 4099 1119 4165 optimi
1139 4101 1217 4152 codd.

120 4165 226 4230 hebere5
244 4171 288 4218 sed
298 4169 477 4226 evocabuntur,
492 4168 569 4216 modo
584 4165 640 4214 Cre·
659 4224 663 4232 „
687 4163 790 4212 hebent.
813 4161 865 4210 Alii
880 4173 1045 4216 nncronscntc.
1056 4167 1132 4231 ‘quod
1143 4181 1215 4224 rece·

119 4232 169 4281 nri
177 4249 208 4282 es
218 4249 244 4282 re
254 4236 372 4282 damnum
382 4234 488 4282 daretur.
508 4231 572 4279 Vide
581 4245 639 4294 cap.
688 4237 758 4294 perat
769 4227 864 4278 Morus.
882 4227 941 4278 Vid.
952 4227 1005 4280 lud.

119 4297 143 4346 8.
159 4299 548 4373 nouumque-masor.
570 4295 639 4361 Ergo
