2909 4809
166 371 170 379 .
228 293 295 392 als
551 311 615 379 nn
638 295 790 378 annno
814 309 972 380 cmm.

229 495 342 563 tellum
355 491 612 575 Massiliensium,
633 499 674 565 ad
691 497 857 566 Nasidium
924 499 1085 574 nveniam,
1101 499 1144 564 lbi
1170 523 1209 565 ue
1224 509 1320 567 naves

227 583 414 674 expediunt,
428 605 601 672 rursusque
615 607 649 650 se
660 585 701 651 ad
711 587 867 675 confligen
894 598 945 653 nm
963 587 1068 652 animo
1084 522 1322 656 conirmtmtet

229 670 358 736 consilis
383 672 626 738 communicant.
689 673 814 740 Dextra
842 697 915 762 pars
947 674 1195 740 Massiliensibus
1221 675 1322 741 adtri-

227 757 353 846 buitnr,
366 757 492 824 sinistra
507 757 650 825 Nasidio.

271 845 304 908 5.
328 843 453 910 Eodem
469 845 589 910 Brutus
599 843 779 921 contendit,
794 855 891 910 aucto
906 847 1033 911 navium
1047 867 1189 913 numero.
1231 845 1318 914 Nem

144 997 148 1008 ,
230 930 272 998 ed
287 953 353 1007 eas,
368 953 441 1021 quae
457 930 552 1012 tacte
570 943 663 998 erant
676 931 809 996 Arelate
823 955 883 1021 per
894 933 1062 1010 Caesarem,
1077 935 1216 1022 eaptivae
1231 935 1320 999 Mas·

230 1017 400 1094 albiensium
415 1031 612 1083 acoeoeerant
625 1039 692 1084 sen.
718 1017 788 1082 H'as
802 1019 1022 1107 superioribus
1033 1019 1194 1086 refecerat
1203 1020 1320 1086 diebus

229 1111 330 1193 atque
344 1105 491 1169 omnibus
519 1105 616 1170 rebus
641 1105 846 1169 instruxerat.
893 1105 1007 1190 Itaque
1028 1127 1100 1171 suos
1121 1107 1318 1183 cohortatus,

230 1213 309 1280 quos
324 1191 466 1278 integros
488 1191 733 1279 superavissent,
757 1203 794 1255 ut
814 1191 915 1256 victos
930 1205 1182 1272 contemnerent,
1228 1193 1319 1260 lellus

228 1279 298 1368 spei
320 1277 412 1343 bouae
434 1290 534 1365 atque
557 1279 651 1342 animi
674 1278 828 1342 adversus
854 1301 908 1343 eos
938 1278 1163 1366 proficiscitur.
1205 1215 1320 1347 bacile

228 1374 311 1440 erat,
326 1387 366 1428 ex
380 1366 491 1437 castris
507 1365 546 1429 O.
563 1365 716 1430 Trebonii
732 1373 832 1452 atque
845 1365 991 1431 omnibus
1006 1365 1228 1455 superioribus
1242 1368 1321 1435 loeis

228 1450 414 1540 prospicere
434 1451 468 1516 in
489 1453 616 1528 urbem,
638 1463 677 1516 ut
692 1452 792 1518 omnis
804 1453 969 1540 juventus,
989 1475 1062 1539 quae
1077 1454 1109 1518 in
1128 1454 1249 1543 oppido
1268 1477 1320 1520 re-

229 1550 401 1612 manserat,
427 1559 599 1625 omnesque
620 1538 793 1628 superioris
819 1541 933 1615 aetatis,
967 1563 1041 1604 curn
1074 1539 1184 1605 liberis
1218 1549 1321 1629 atque

229 1623 382 1690 uxoribus
396 1624 599 1714 publicisque
614 1626 780 1701 custodiis,
795 1637 854 1692 aut
865 1641 905 1691 ex
917 1649 1011 1692 muro
1024 1625 1066 1690 ad
1078 1626 1196 1692 eoelum
1207 1639 1322 1694 manus

78 1782 95 1801 Γ
161 1717 167 1728 “
197 1725 200 1730 ’
230 1709 412 1787 tenderent,
433 1722 493 1776 aut
507 1713 630 1800 templa
652 1713 795 1778 Deorum
812 1713 1030 1780 inmortalium
1044 1712 1172 1778 adirent
1185 1727 1231 1790 et,
1244 1723 1321 1781 altit

227 1797 396 1864 simulacra
419 1799 569 1887 projecti,
599 1798 768 1865 victoriam
790 1800 834 1866 ab
858 1801 928 1866 Diis
955 1813 1183 1904 exposcerentt
1216 1819 1322 1888 neque

228 1897 300 1950 erat
320 1885 491 1974 quisquam
514 1884 666 1961 omnum,
692 1887 773 1974 quin
795 1885 827 1951 in
851 1889 919 1974 ejus
942 1885 1006 1952 dier
1020 1909 1093 1951 casn
1108 1908 1239 1954 suarum
1253 1899 1321 1952 onr-

228 1971 315 2038 nimn
343 1972 548 2037 fortunarum
568 1981 720 2038 eventurn
741 1975 910 2039 consistere
925 1974 1137 2039 existimaret,
1181 1975 1265 2040 Nam
1286 1983 1322 2040 et

228 2057 351 2146 honesti
364 2081 404 2123 ex
416 2059 600 2164 juventute,
616 2067 651 2125 et
665 2061 821 2148 cujusque
836 2061 937 2127 aetatis
959 2060 1156 2148 amplissimi,
1178 2061 1320 2126 nomina-

227 2147 287 2210 tinr
301 2158 427 2213 evocati
438 2152 537 2234 atque
551 2147 723 2222 obsecrati,
740 2169 836 2212 naves
848 2147 1118 2219 conscenderantt
1133 2158 1183 2224 ut,
1198 2148 1224 2212 si
1238 2147 1320 2235 quid

228 2231 356 2302 adverd
380 2231 560 2307 accidisset,
587 2255 627 2298 ne
653 2235 694 2298 ad
719 2234 899 2299 conandum
920 2233 1051 2322 quidem
1067 2233 1127 2299 sibi
1142 2233 1321 2340 quidquam

228 2318 344 2406 reliqdl
358 2318 429 2384 iore
439 2318 587 2383 viderent
601 2341 609 2394 3
631 2320 657 2384 si
671 2321 917 2406 superavissent,
932 2321 983 2385 vel
999 2319 1179 2386 domesticis
1191 2321 1321 2408 opibus,

228 2403 281 2470 rel
295 2405 433 2470 externis
448 2405 586 2479 auxiliis,
599 2405 640 2470 de
652 2408 758 2472 salute
772 2407 862 2475 urbis
877 2406 1087 2473 confiderent.

271 2491 303 2555 6ss
328 2490 504 2558 Commisso
523 2493 652 2580 proelio,
669 2493 919 2558 Massiliensibus
934 2517 984 2559 res
999 2493 1089 2558 nulla
1108 2491 1150 2560 ad
1164 2493 1321 2560 virtutem

227 2577 353 2644 defuitt
376 2578 432 2643 sed
456 2599 611 2644 memores
637 2601 747 2644 comm
763 2591 1011 2669 preceptorum,
1037 2592 1109 2666 qua
1165 2579 1323 2647 ulloants
1351 2647 1355 2650 .

227 2666 270 2734 'ab
280 2665 346 2736 suis
360 2673 562 2753 acceperant,
578 2664 638 2731 boc
652 2667 757 2732 animo
771 2667 994 2743 decertabant,
1022 2679 1060 2732 ut
1085 2603 1210 2732 nulium
1229 2667 1322 2734 alind

230 2751 594 2843 tempusadconandum
603 2751 746 2818 habituri
756 2753 955 2830 viderentur,
971 2767 1015 2830 et,
1029 2753 1149 2840 quibus
1162 2754 1194 2819 in
1210 2767 1323 2844 pugna

228 2839 304 2906 vita
334 2839 516 2930 perieulum
542 2837 716 2914 accideret,
754 2861 816 2905 non
846 2843 892 2904 ita
921 2839 1025 2906 multo
1057 2864 1089 2905 se
1120 2839 1322 2928 reliquorum
1398 2838 1413 2844 '⁴

228 2925 347 2993 civium
367 2925 471 2990 satum
492 2926 679 2991 antecedere
700 2925 931 3004 existimarent,
978 2927 1085 3002 uibus,
1109 2927 1190 2991 urbe
1211 2937 1322 3015 captis,

125 3047 131 3056 ·
227 3013 339 3079 eadem
366 3023 449 3077 esset
481 3011 559 3076 belli
587 3013 719 3084 fortuna
770 3013 909 3079 atienda.
953 2951 1177 3100 (lliductisque
1206 3014 1325 3082 nostris

228 3098 398 3193 paullatim
427 3098 572 3174 navibus,
615 3108 651 3164 et
682 3037 819 3166 artiicio
901 3101 1110 3166 bernatorum
1147 3099 1321 3168 mobilitati

229 3186 359 3254 navium
379 3185 470 3252 locus
488 3183 628 3252 dabatur
652 3199 698 3264 et,
717 3185 744 3254 si
760 3211 845 3275 quan
869 3212 889 3254 o
911 3187 1011 3252 nostri
1026 3183 1214 3252 facultatem
1236 3187 1323 3254 nacti

121 3285 126 3290 ’
228 3274 342 3341 ferreis
365 3271 512 3338 manibus
538 3272 663 3362 injectis
690 3297 804 3340 navem
831 3273 1059 3364 religaverant,
1086 3271 1229 3359 undique
1254 3273 1324 3340 suis

230 3461 308 3513 tneo
336 3459 503 3513 'belonensem
530 3459 575 3512 ubi
602 3476 670 3521 nuno
698 3459 752 3512 bini
804 3471 854 3526 pat.
888 3459 1164 3512 ltsetCic.sdDiv.l
1194 3461 1323 3510 raaso-

228 3533 319 3594 portus
327 3530 351 3576 le
361 3529 422 3577 bras
432 3527 464 3578 ds
476 3531 503 3578 S.
515 3530 609 3592 Georas
619 3535 646 3575 et
655 3527 753 3578 eamr·
798 3531 934 3591 ptos-atum,
947 3531 970 3576 si
981 3527 1093 3576 (iubatos.
1114 3524 1155 3574 Cf.
1191 3531 1255 3574 orat.
1269 3521 1324 3590 Ep.

228 3599 277 3644 cot.
315 3593 490 3656 Wesssts'npius
506 3593 552 3652 (sd
570 3591 689 3644 Antonin.
710 3592 752 3644 iti·
806 3595 863 3654 l‚5,
876 3595 898 3640 6.
910 3593 950 3642 ed.
961 3589 1079 3644 bentleii.
1098 3589 1323 3642 Curtiusadl‘lin.

227 3658 507 3774 “ballistia
525 3721 602 3772 eoae.
631 3719 683 3772 nin
693 3722 753 3786 as-
801 3655 1322 3786 Sitti·Sililillinifflfi.⁸‘⁵⁸·

215 3796 299 3842 [rosa.
835 3790 968 3839 Commisso
1035 3791 1067 3846 to,
1080 3785 1241 3836 intercedunt
1252 3799 1324 3832 com-

264 3855 372 3904 Arslats.
392 3853 433 3904 Cf.
447 3855 522 3913 1,36.
538 3851 576 3903 Μ.
801 3851 908 3902 mittitur
917 3867 971 3916 pree
984 3851 1046 3901 ium.
1068 3851 1105 3900 M.

265 3922 460 3983 matos,
470 3928 593 3968 senectus.
618 3918 657 3966 Μ.
674 3917 752 3982 Apul.
834 3921 1029 3981 maceratorum.
1049 3914 1324 3967 Suntadhortationes.

147 3989 157 4001 ‘
229 3975 754 4046 tisun.1.ataorm,Tertotl.Apot.c.
799 3983 1032 4045 dequibuscap.4.
1056 3983 1092 4030 M.

230 4048 624 4109 s.mojerenaeruuadinere.·
835 4049 1006 4110 maenaque.
1036 4046 1076 4096 Sic
1091 4045 1322 4096 Oudendecodd.

265 4116 403 4164 Meam.
423 4113 586 4163 stratore.
800 4121 826 4160 et
837 4113 894 4161 eod.
905 4119 954 4161 set.
969 4109 1051 4174 Vulgo
1060 4113 1222 4186 deductisque.

265 4179 379 4236 Honesti,
388 4177 579 4228 nobilita-itta
587 4175 646 4227 oni.
668 4177 706 4226 M·
834 4179 933 4228 Ferrea
939 4177 1063 4226 aeonibus.
1073 4193 1097 4224 v·
1109 4175 1162 4226 lnd.
1173 4177 1322 4240 interme

266 4245 294 4292 Si
312 4246 502 4305 mmmm.
535 4241 620 4292 Davis-
637 4239 750 4290 malebat
797 4250 933 4313 etmanue·
952 4241 990 4292 M.

113 4302 117 4312 ’
229 4311 285 4368 sia,
293 4307 338 4356 sed
355 4313 437 4356 aestu
447 4314 473 4356 et
484 4306 546 4358 alibi
557 4307 583 4355 sl
593 4313 614 4355 ss·
625 4306 662 4354 sic
678 4321 749 4354 usur-
