2909 4809
185 365 190 371 ,
247 285 314 382 sir
570 300 634 371 un
658 286 810 369 sunno
833 298 993 368 ervum.

248 487 362 555 tellum
375 482 632 565 Massiliensium,
652 490 694 556 ad
710 487 877 556 Nasidium
944 489 1105 564 ruentum,
1121 487 1165 554 lbi
1190 497 1229 554 tie
1245 497 1342 556 bases

246 574 434 666 expediunt,
448 597 621 663 rursusque
635 599 669 640 se
679 576 721 641 nd
732 577 888 664 confligen
913 586 965 642 tttu
983 577 1089 642 animo
1104 599 1142 642 co
1187 587 1296 646 rmsut
1306 587 1343 641 et

249 662 378 728 consiliu
403 664 646 729 communicant.
709 664 833 729 Dextra
862 685 935 752 pars
967 663 1215 729 Massiliensibus
1241 663 1343 730 adtri-

247 749 373 824 buitur,
386 748 512 815 sinistra
527 749 670 816 Nasidio.

248 833 253 838 ’
292 835 324 900 5.
348 834 473 902 Eodem
488 836 610 902 Brutus
619 832 799 911 contendit,
814 845 911 900 aucto
926 836 1054 900 navium
1067 857 1210 902 numero.
1251 833 1340 902 Nam

165 989 168 1002 ,
250 921 292 990 ed
307 945 373 997 ess,
388 945 461 1010 quae
477 922 572 1003 fuctae
590 934 683 989 erunt
697 922 829 986 Arelate
844 945 902 1011 per
914 923 1083 999 Cursarem,
1097 924 1236 1010 captirae
1252 923 1342 988 Mas-

251 1007 420 1076 siliensium
435 1021 632 1074 accesserant
646 1030 712 1074 sex.
739 1009 809 1074 llus
822 1009 1042 1098 superioribus
1054 1008 1214 1076 refecerat
1223 1008 1342 1074 diebus

250 1102 350 1186 atque
365 1095 511 1160 omnibus
539 1096 637 1162 rebus
661 1095 866 1160 instruxerat.
913 1095 1028 1181 ltaque
1049 1118 1121 1160 suos
1141 1095 1340 1172 cohortatus,

250 1204 330 1272 quus
345 1183 488 1270 integros
509 1182 754 1270 superavissent,
777 1193 814 1246 ut
835 1181 936 1246 victos
950 1195 1202 1260 contemnerent,
1249 1181 1341 1248 lellus

249 1269 319 1360 spei
340 1268 433 1335 bonae
455 1281 555 1356 atque
577 1270 672 1334 animi
695 1268 848 1333 adversus
874 1291 929 1334 eos
958 1268 1184 1355 proficiscitur·
1225 1203 1342 1336 bacili

249 1365 332 1432 erut,
347 1377 387 1419 ex
401 1356 512 1423 castris
528 1356 567 1419 G.
584 1355 737 1422 Trebonli
753 1365 852 1441 atque
866 1355 1012 1420 omnibus
1027 1353 1249 1444 superioribus
1264 1356 1344 1422 locis

249 1441 435 1533 prospicere
456 1441 489 1507 in
510 1443 636 1519 urbem,
658 1454 698 1506 ut
713 1442 813 1508 omnis
825 1443 989 1530 juventus,
1009 1462 1083 1529 quae
1098 1443 1129 1506 in
1148 1442 1271 1532 oppido
1290 1465 1342 1508 re·

250 1541 421 1604 ntanserut,
448 1550 619 1616 omnesque
641 1529 814 1619 superioris
840 1531 954 1604 oetstis,
988 1551 1062 1594 cum
1095 1527 1205 1594 liberis
1239 1537 1342 1617 atque

250 1615 403 1682 uxoribus
417 1615 621 1706 publicisque
635 1616 801 1692 custodiis,
816 1627 874 1680 aut
886 1639 926 1680 ex
938 1638 1032 1681 muro
1046 1614 1087 1680 ad
1100 1615 1217 1680 coelum
1228 1637 1344 1682 manus

99 1777 106 1797 Ι
183 1711 188 1720 “
251 1700 433 1778 tenderent,
454 1714 514 1767 aut
528 1704 650 1791 templa
672 1704 817 1768 Deorum
833 1702 1051 1770 inmortalium
1065 1701 1193 1767 adirent
1206 1705 1252 1780 et,
1265 1713 1343 1769 ante

170 3981 179 3992 ‘
252 3967 359 4026 starsm.
369 3978 391 4023 l.
402 3973 639 4036 attium,Tertull.
660 3976 717 4037 Apo

248 1789 417 1856 simulacro
440 1790 590 1878 projecti,
620 1789 789 1855 victoriam
811 1790 855 1855 ub
879 1790 949 1854 Diis
977 1801 1204 1894 exposcerentt
1237 1809 1344 1877 neque

249 1888 321 1943 crat
341 1877 512 1966 quisquam
535 1872 687 1952 omnium,
713 1877 794 1965 quin
816 1877 848 1941 in
871 1878 940 1962 ejus
963 1874 1027 1942 dler
1041 1897 1114 1940 cusu
1129 1897 1260 1942 suarum
1275 1887 1344 1940 or'n-

249 1963 337 2030 nium
364 1964 569 2029 fortunarum
590 1971 742 2028 eventum
762 1963 931 2029 consistere
946 1963 1155 2028 existimaret.
1202 1963 1288 2029 Nam
1309 1971 1345 2028 et

249 2049 372 2139 honesti
385 2072 426 2114 ex
437 2050 622 2156 juventute,
638 2055 672 2115 et
686 2051 843 2138 cujusque
857 2051 959 2116 fetatis
980 2049 1177 2137 amplissimi,
1199 2050 1343 2116 norru'ns·

249 2139 308 2203 tim
322 2146 448 2205 euocati
460 2143 558 2224 atque
572 2137 744 2212 obsecrati,
761 2159 857 2202 naves
869 2136 1139 2218 conscenderantr
1154 2147 1206 2212 ut,
1219 2136 1245 2200 si
1260 2135 1343 2226 quid

250 2223 376 2291 adversi
402 2222 581 2297 accidisset,
609 2246 649 2288 ne
674 2225 714 2288 ad
741 2223 921 2289 conandum
942 2222 1073 2311 quidem
1089 2222 1148 2288 sibi
1164 2221 1343 2329 quidquem

250 2309 366 2397 reliquii
380 2309 451 2374 tore
461 2308 609 2373 viderent
623 2333 631 2384 3
652 2310 678 2374 si
692 2310 939 2396 superavissent,
953 2310 1004 2374 vel
1020 2307 1200 2374 domesticu
1213 2310 1344 2396 opibus,

251 2396 303 2461 tel
317 2396 455 2460 externis
469 2394 607 2470 auxiliis,
620 2395 662 2460 de
674 2397 780 2461 salute
795 2396 884 2463 urbis
899 2395 1108 2462 confiderent.

293 2483 325 2547 6.
349 2482 525 2548 Commisso
545 2483 674 2571 proelio,
691 2483 941 2547 Massiliensibus
956 2507 1005 2548 res
1021 2482 1111 2547 null'a
1130 2479 1172 2549 sd
1186 2481 1343 2548 virtutem

249 2569 375 2637 defuit:
398 2569 454 2634 sed
478 2590 633 2634 memores
658 2591 769 2634 eorum
784 2583 1033 2658 preceptorum,
1058 2581 1131 2656 quie
1209 2568 1345 2636 lloante

249 2657 293 2726 ab
302 2656 368 2727 suis
380 2663 584 2743 acceperant,
599 2654 660 2721 boc
674 2657 779 2722 animo
793 2656 1015 2732 decertabant,
1043 2668 1082 2720 nt
1107 2676 1151 2720 nu
1177 2672 1233 2720 um
1252 2655 1344 2722 aliud

251 2741 768 2835 tempusadcouaudumhublturi
779 2743 978 2818 viderentur,
993 2755 1038 2818 et,
1051 2741 1171 2829 quibus
1184 2741 1216 2807 in
1233 2755 1345 2834 pugna
1407 2819 1420 2826 ὕ

250 2832 326 2897 vitre
356 2829 537 2920 periculum
564 2827 738 2905 accideret,
776 2851 838 2896 uon
868 2832 914 2894 ita
942 2829 1046 2895 multu
1079 2851 1112 2893 se
1142 2826 1345 2917 reliquorum

250 2917 369 2984 uirium
389 2915 494 2981 fatum
514 2916 701 2982 antecedere
722 2917 953 2992 existimarent,
1000 2916 1107 2990 uibus,
1131 2915 1213 2979 urbe
1234 2927 1345 3005 cripta,

147 3039 153 3048 ·
250 3005 361 3071 eadem
388 3013 471 3067 esset
502 3000 582 3067 belli
609 3003 742 3068 fortuna
812 3003 931 3069 tienda.
1020 3000 1200 3090 iductisque
1229 3003 1347 3070 nostris

250 3088 420 3192 paullatim
448 3088 594 3164 naribus,
638 3098 673 3155 et
705 3026 841 3155 ertibriio
923 3090 1132 3155 bernatorum
1169 3087 1344 3156 mobilitati

251 3201 381 3246 narrum
401 3175 492 3242 locus
511 3173 651 3242 dabatur
674 3188 721 3254 et,
740 3175 766 3242 si
782 3113 922 3264 quumbi¹
933 3175 1033 3242 nostri
1049 3173 1237 3254 fucultatem
1259 3175 1345 3242 nucti

250 3266 364 3334 terreis
386 3262 534 3329 manibus
561 3261 685 3352 injectis
711 3287 826 3330 narem
854 3263 1082 3353 religaverunt,
1110 3258 1252 3348 undique
1278 3263 1345 3329 suis

252 3455 330 3504 hum
358 3449 526 3504 Teloneusem
553 3449 598 3504 usi
625 3466 693 3513 nunc
720 3450 776 3502 biri
826 3461 877 3516 pat.
910 3449 1188 3503 ltsetCic.adDiv.l
1217 3451 1344 3500 'lstim-

251 3521 374 3586 porturis
383 3520 444 3568 brar
455 3519 487 3568 de
498 3521 526 3568 S.
538 3519 632 3582 Garat
642 3525 668 3566 et
677 3517 777 3580 {Eres-
821 3521 957 3582 ptos-arum,
971 3521 993 3567 st
1004 3517 1116 3566 dubium.
1137 3513 1178 3564 Ci.
1186 3484 1278 3588 iteret.
1292 3511 1346 3588 ἕρ.

251 3591 300 3637 eat.
337 3583 574 3647 iteramus
592 3581 712 3635 suueuia.
734 3582 776 3633 iti·
806 3585 886 3644 ’1,5,
899 3586 921 3631 6.
933 3583 973 3632 ed.
984 3579 1102 3632 Bentleii.
1121 3576 1345 3632 CurtruaurlPltn.

250 3663 330 3702 nem·
341 3649 447 3712 psus).
463 3650 502 3698 Μ.
638 3695 642 3701 ,
824 3663 866 3712 ep.
882 3651 904 3706 1,
916 3649 1018 3696 tend
1029 3647 1128 3696 Sallust.
1147 3643 1204 3694 cst.
1216 3649 1247 3692 52
1264 3651 1290 3692 et
1301 3647 1343 3692 ⁵8.

286 3717 372 3765 Μαάθ
386 3722 470 3764 munt.
492 3711 530 3763 sic
548 3710 625 3763 codd.
654 3709 775 3776 Aliifiae-
824 3708 1254 3786 Jug.10.Draksnb.ad1iv.t,t.

252 3788 321 3831 runt.
858 3780 991 3830 Commisso
1058 3781 1091 3838 to,
1103 3785 1197 3825 interea
1205 3773 1264 3824 dum
1275 3787 1345 3822 com·

286 3847 396 3896 Antan.
415 3844 456 3894 Cf.
469 3845 491 3904 l,
503 3846 544 3894 36.
561 3841 599 3892 Μ.
824 3841 931 3892 mittitur
940 3857 994 3906 proe
1007 3841 1069 3890 ium.
1091 3841 1129 3889 Μ.

288 3913 617 3974 &mammaeam-
641 3908 680 3957 Μ.
697 3907 775 4024 Apul.
823 3975 837 4022 d
857 3911 1052 4021 Przcepturusp
1072 3903 1347 4019 {putadlrortstioneu

730 3989 777 4024 .c.
839 3989 905 4036 equs
927 3987 1022 4036 uscap.
1049 4007 1055 4020 .
1110 4007 1116 4019 .

253 4039 647 4101 s.mjmaeraumdixere.-
858 4039 1029 4101 Diductisque.
1060 4035 1100 4086 Sic
1115 4033 1344 4086 Oudendeusdd.

288 4107 426 4156 Dkicuut.
446 4104 487 4153 stc
498 4113 559 4154 etc.
572 4108 609 4154 1⁴.
823 4103 978 4152 eteodret.
992 4100 1074 4164 Vulgo
1084 4102 1246 4174 dedqutoe.

289 4171 402 4228 Honesti,
411 4168 602 4220 nobilitumiliu
610 4167 669 4219 orti.
691 4167 729 4216 Μ.
858 4167 1120 4218 ramesensem.
1133 4165 1185 4216 lud.
1196 4179 1221 4216 m
1229 4167 1343 4228 turpem

289 4237 525 4298 Siamus!-
559 4233 643 4283 Daris.
660 4228 773 4282 malebat
820 4241 957 4302 etmanttt.
976 4231 1014 4282 M.

252 4305 301 4361 riri,
316 4299 360 4350 red
377 4306 460 4349 noster
470 4298 570 4349 etalibi
581 4298 637 4346 riui
648 4296 685 4346 sic
701 4311 772 4344 usur·
792 4323 795 4330 ·
