2909 4809
212 711 352 803 MAN
359 713 544 802 TISSA
587 715 1144 806 OBSERVATIONUM

358 1014 432 1090 AD
461 1014 675 1092 BELLUM
706 1011 1006 1122 (ἲΑΙιΙιΙίΞΙΙΜ.Ι

136 1513 167 1590 1,
187 1515 213 1580 ι.
239 1492 477 1621 Quemne
491 1515 698 1618 nupturam.
744 1514 901 1591 onznia,
924 1535 993 1604 que
1013 1515 1119 1584 anun
1139 1513 1217 1582 no-

133 1620 138 1628 ’
170 1623 319 1688 pansam.
343 1617 424 1670 citra
438 1615 662 1669 necessitatem.
1308 1613 1311 1620 '

66 1716 70 1722 ¹
136 1686 165 1764 l,
180 1689 213 1753 8.
238 1689 296 1780 qui
308 1691 474 1778 inflomen
488 1687 815 1775 Rhodonominjluit.
869 1687 930 1753 Vel
954 1711 1018 1776 qno
1037 1688 1123 1754 hicl
1164 1711 1217 1754 en·

175 1773 265 1854 dinn,
274 1776 328 1842 vel
342 1776 401 1863 qui
407 1799 445 1841 eo
456 1798 547 1842 sensu
560 1775 790 1864 accipiendum,
799 1795 929 1864 prorsus
941 1775 1017 1840 mihi
1029 1799 1123 1865 pensu
1167 1798 1216 1841 eo.

175 1863 279 1931 Nihili
291 1876 338 1928 est
349 1861 529 1927 emendatio
537 1862 700 1951 proposita
710 1885 730 1926 a
742 1861 895 1930 Rhenano
903 1873 936 1927 et
944 1875 1073 1950 recepta
1082 1862 1124 1927 ab
1134 1861 1217 1937 aliis,

174 1947 1218 2102 rufifl

172 2059 257 2188 initium
267 2135 301 2188 et
317 2120 473 2188 Horatius
488 2121 522 2186 in
532 2123 613 2185 Arte
652 2097 715 2186 oet.
733 2121 832 2198 v.,18.
842 2059 1124 2208 fluinoditelllenmit
1139 2118 1219 2186 dicit

174 2222 209 2273 et
224 2208 287 2274 Od.
303 2206 337 2286 4,
351 2206 386 2284 4,
400 2207 455 2272 38.
468 2208 597 2293 flumen
659 2217 816 2272 eteorum.
877 2207 999 2272 Verum
1020 2206 1150 2273 hicnon
1171 2217 1220 2272 cst

172 2293 219 2360 his
232 2294 331 2361 locus.

143 2457 147 2466 ,
171 2407 224 2472 De
238 2407 339 2472 Mero
355 2406 490 2472 Castoris
501 2406 596 2472 ducto
607 2428 629 2472 a
640 2407 714 2474 locu
727 2405 895 2474 Lemanno
907 2405 1086 2472 odJcrom.
1111 2404 1219 2472 Cardo

129 2492 181 2567 rei·
189 2506 337 2559 versatur
347 2492 380 2557 in
388 2493 573 2581 quaestione‚
585 2517 688 2582 prope
701 2494 875 2575 Genevam,
885 2517 926 2559 an
937 2493 1048 2581 paullo
1059 2517 1096 2557 su
1139 2493 1217 2569 rius,

128 2579 244 2644 ductus
257 2579 299 2644 sit
312 2603 431 2644 murus.
478 2577 552 2645 Hoc
573 2581 733 2666 posterius
754 2579 876 2667 placuit
898 2579 1021 2668 Sponio
1036 2579 1068 2642 in
1105 2577 1216 2643 istoire

128 2665 169 2742 de
183 2663 309 2731 Gmeoe
323 2665 361 2730 L.
380 2665 409 2730 l.
426 2664 482 2730 ubi
493 2666 578 2730 muri
591 2667 658 2754 ejus
666 2665 785 2732 rudera
795 2687 956 2752 superesse
970 2661 1119 2751 perhibet
1131 2663 1216 2728 inter

128 2751 252 2839 Gingin
266 2775 369 2842 prope
389 2751 598 2817 Noiodunum
622 2748 753 2839 (Nyon)
768 2762 802 2815 et
816 2748 932 2816 lacum.
978 2750 1100 2815 Contra
1123 2747 1214 2814 Buti·

127 2859 200 2912 nus‚
221 2837 361 2903 medicus
375 2837 578 2914 Generensis‚
591 2837 626 2903 in
640 2835 860 2902 dissertatione
874 2857 929 2901 ror
942 2835 973 2900 le
989 2835 1066 2914 lieu,
1082 2857 1123 2901 ou
1137 2856 1214 2922 pas-

126 2922 231 2989 soient
244 2923 292 2988 les
304 2923 420 3011 lignes,
434 2945 495 3010 que
508 2923 536 2988 J
535 2923 603 2989 uter
617 2921 716 2990 Cesar
721 2921 769 3007 fit
773 2921 868 3009 faire
877 2925 957 3008 prc‘s
968 2922 1007 2986 de
1017 2920 1141 2986 Genese
1152 2935 1215 2990 etc.

126 3005 240 3075 addita
254 3022 341 3075 tomo
355 3009 491 3076 secundo
505 3009 612 3098 operis
627 3010 780 3097 Sponisni
795 3007 883 3093 (edit.
899 3009 931 3073 4.
944 3031 975 3073 a.
995 3007 1101 3093 1730.)
1118 3008 1214 3074 docet

125 3108 161 3161 et
188 3094 347 3161 schemate
374 3095 525 3162 inlustrat
546 3119 566 3161 a
588 3097 720 3162 Genera
740 3095 781 3161 ad
804 3095 935 3168 clusam
956 3093 1148 3182 perductum
1168 3095 1214 3161 sic

125 3205 257 3247 murum
270 3183 336 3246 sive
355 3184 524 3247 maceriam
544 3183 652 3271 potius
670 3183 727 3263 ¹vel
747 3181 881 3256 vallum,
894 3193 1033 3247 montem
1057 3204 1108 3256 ue,
1124 3181 1212 3268 quod

125 3269 216 3355 eram
230 3267 418 3343 hariolatus,
434 3271 485 3333 cui
499 3292 613 3334 nomen
627 3267 720 3333 hodie
739 3269 770 3332 le
792 3266 919 3344 Waclte,
938 3267 983 3332 cis
1007 3204 1211 3344 Rlodsnum,

124 3364 195 3418 tum
220 3353 242 3418 J
246 3377 311 3419 urae
334 3365 460 3443 partem
487 3354 683 3420 constituisse
707 3354 831 3420 statuit.
863 3353 947 3418 unde
970 3375 1026 3418 nec
1049 3352 1120 3418 loco
1145 3377 1212 3420 mo-

51 3489 60 3520 ..
125 3437 230 3504 vende
243 3440 355 3515 verba,
371 3439 458 3527 quod
472 3441 603 3527 quidam
617 3440 760 3516 voluere,
782 3439 839 3528 qui
857 3439 892 3523 (J
895 3441 968 3525 ura)
984 3438 1071 3523 fines
1091 3439 1211 3526 Sequo-

65 3555 75 3566 ·
124 3522 240 3591 nortem
254 3527 295 3590 ob
310 3525 470 3592 Helvetiis
481 3526 607 3593 dividit.
643 3527 732 3592 Idem
745 3549 843 3615 porro
858 3524 995 3591 Butinus
1009 3547 1073 3590 non
1083 3523 1210 3591 nimiam

124 3635 191 3698 esse
205 3612 384 3678 arbitratur
397 3612 452 3678 lon
477 3613 630 3677 itndinem
643 3615 750 3678 decem
764 3633 875 3678 novem
888 3611 1026 3678 millium
1043 3632 1208 3697 passuum,

125 3721 199 3784 quae
224 3722 346 3764 summa
370 3698 414 3764 sic
443 3637 558 3765 daesari
580 3699 777 3764 restituenda
798 3697 936 3764 videtur.
983 3697 1092 3763 Habet
1112 3697 1209 3764 etiam

127 3785 261 3849 Graecus
283 3785 442 3873 interpres
463 3797 589 3850 centum
609 3785 844 3874 quinquaginta
863 3784 927 3850 duo
947 3783 1060 3858 stedia,
1081 3807 1152 3871 quae
1166 3782 1207 3849 ad

122 3867 227 3959 decies
241 3871 348 3936 novies
369 3871 456 3935 mille
477 3895 586 3960 passus
604 3871 753 3950 redeunt.
797 3872 918 3937 Contra
939 3869 1038 3934 codex
1061 3867 1149 3934 Leid.
1175 3870 1208 3955 l}

122 3978 186 4021 non
201 3955 257 4021 dat
272 3957 330 4021 nisi
345 3957 458 4022 decem.
1134 3967 1135 3972 ’

122 4065 154 4141 l,
174 4066 223 4129 10.
245 4066 419 4147 Graioceli,
435 4067 601 4158 Polyaenus
620 4068 655 4142 8,
669 4069 702 4134 2.
731 4068 777 4133 rei
798 4068 951 4143 meminit,
965 4066 1021 4135 sed
1036 4091 1204 4160 perperam

165 4152 278 4232 tradit,
295 4155 451 4222 cesarem
463 4155 529 4221 sine
542 4177 652 4244 pugna
666 4155 767 4244 Alpes
779 4167 1019 4244 transgressum.
