2909 4809
246 338 312 406 roo
411 319 453 402 Α.
479 335 629 419 nrnrn
656 337 720 406 on
745 333 1176 410 aauuonrnrcnno.

246 546 415 593 cumanam
451 522 569 600 defixo,
609 522 727 610 reliqui
770 523 950 612 perterriti,
987 523 1068 612 fuga
1103 549 1136 598 se
1170 525 1203 591 in
1239 537 1350 594 castra

246 611 420 700 recipiunt.
466 612 542 688 Quo
571 611 657 676 facto
686 624 799 700 postea
824 624 899 697 sunt
924 611 1075 680 deterriti
1098 612 1256 702 oppidum
1278 625 1351 680 teu-

244 710 329 764 tare.
731 701 736 716 ’

285 785 340 849 30.
365 783 421 850 Sci
446 784 477 848 io
498 781 628 852 interim
649 784 717 852 fere
741 785 886 874 quotidie
910 807 973 852 non
992 785 1088 876 longe
1111 811 1131 852 a
1150 785 1213 854 suis
1232 787 1348 854 castris

243 871 389 962 passibus
434 871 493 936 Oc
505 869 663 937 instruere
673 871 776 938 aciem
786 897 837 948 ac,
849 874 969 962 majore
981 872 1048 939 diei
1059 885 1153 976 parte
1166 889 1347 954 consumta,

243 981 354 1024 rursus
367 983 399 1024 se
414 957 449 1022 in
460 968 565 1022 castra
578 958 734 1059 recipere.
771 959 869 1035 Quod
883 983 985 1046 quum
998 983 1116 1049 sreprus
1125 960 1229 1041 fieret,
1240 983 1348 1062 neque

241 1069 282 1112 ex
304 1045 439 1112 Caeearis
464 1043 577 1109 castris
625 1069 771 1133 uuquam
798 1045 960 1133 prodiret,
989 1069 1093 1134 neque
1118 1047 1253 1136 propina
1276 1071 1349 1136 ejus

241 1133 350 1221 copias
375 1128 561 1206 accederem
594 1069 749 1221 despecta
775 1134 932 1222 patientia
960 1134 1094 1200 Caesaris
1119 1135 1348 1222 exercitusque

242 1219 322 1306 ejus,
337 1217 493 1284 universis
506 1216 606 1306 copiis
621 1219 791 1308 productis
809 1219 1050 1308 elephantisque
1065 1221 1193 1288 turritis
1209 1222 1349 1324 triginta

240 1319 317 1372 ante
329 1303 430 1370 aciem
444 1303 618 1380 instructis,
635 1329 732 1392 quam
744 1307 893 1374 latimime
908 1309 1017 1396 potuit
1031 1321 1183 1396 porrecta
1196 1321 1348 1396 equiturn

242 1390 453 1544 peditumque
475 1391 695 1466 multitudine,
716 1417 781 1460 uno
803 1407 950 1484 ternpore
976 1417 1174 1483 progressus,
1198 1394 1286 1461 baud
1302 1396 1348 1463 ia

155 1483 161 1488 ’
257 1503 341 1567 onge
356 1503 375 1543 a
420 1478 526 1543 araris
539 1478 651 1544 cestris
664 1481 810 1547 constitit
825 1482 858 1546 in
872 1504 997 1570 campo.

230 1649 235 1659 1
287 1567 342 1632 31.
368 1565 496 1641 Quibus
512 1566 610 1630 rebus
625 1567 777 1655 cognitis,
791 1568 911 1645 Caesar,
930 1569 1019 1635 'ubet
1030 1567 1159 1644 milites,
1174 1567 1233 1656 qui
1250 1579 1345 1634 extra

162 1701 165 1705 ψ
200 1657 203 1663 ’
245 1652 437 1722 munitiones
453 1667 686 1742 processerant,
726 1655 825 1742 nique
841 1593 1027 1744 pabulandi,
1043 1666 1101 1719 aut
1116 1653 1273 1742 lignandi,
1287 1667 1346 1720 aut

245 1740 344 1807 etiam
363 1739 527 1806 muniendi
542 1741 650 1829 gratia
664 1678 784 1806 vallem
802 1744 973 1830 petierant,
989 1742 1112 1830 quique
1131 1740 1174 1807 ad
1190 1764 1262 1806 eam
1277 1765 1346 1818 rem

246 1851 329 1915 opus
352 1840 456 1906 erant,
474 1849 586 1893 omnes
605 1827 692 1894 intra
714 1829 905 1894 munitiones
928 1829 1112 1896 minutatim
1135 1827 1345 1914 modesteque

247 1915 315 1980 sine
328 1914 474 1980 tumultu
488 1927 546 1979 aut
561 1925 684 2008 terrore
707 1941 740 1980 se
763 1916 906 2005 recipere
929 1929 1029 2004 atque
1052 1917 1084 1982 in
1108 1937 1206 2003 opere
1229 1915 1345 1982 consis-

246 2015 337 2067 tere:
370 2000 534 2088 equitibus
558 2013 683 2078 autem,
705 2001 764 2091 qui
789 2001 822 2068 in
844 2003 983 2070 statione
1013 2003 1155 2078 buerant,
1182 2003 1345 2102 praecipit,

245 2100 399 2175 utusque
420 2112 460 2154 eo
483 2089 591 2152 locum
614 2089 812 2166 obtinerent,
839 2091 871 2156 in
892 2114 959 2177 quo
974 2089 1086 2178 paullo
1097 2101 1173 2154 ante
1188 2091 1344 2155 consutis-

244 2186 329 2251 sent,
351 2173 455 2240 donec
472 2173 516 2240 ab
530 2173 621 2242 hoste
635 2177 764 2241 missurn
780 2176 881 2242 telum
902 2177 945 2242 ad
963 2199 996 2242 se
1020 2177 1228 2265 perveniret:
1253 2177 1343 2262 quod

244 2261 271 2326 si
298 2261 434 2349 propius
458 2259 681 2337 accederetur,
708 2286 806 2349 quam
830 2263 1045 2331 honestissime
1069 2286 1102 2328 se
1129 2263 1215 2328 intra
1240 2264 1343 2328 muni·

246 2348 347 2414 tiones
377 2348 568 2436 reciperent.
627 2349 694 2414 Alii
723 2373 855 2437 quoque
883 2351 1043 2439 equitatui
1073 2349 1182 2426 edicit,
1207 2350 1257 2414 uti
1286 2373 1345 2418 auo

224 2435 382 2523 ·quisque
401 2433 474 2499 loco
494 2447 627 2522 paratus
640 2452 848 2524 armatusque
863 2450 981 2528 praesto
995 2449 1086 2504 esset.
1133 2436 1180 2502 At
1195 2434 1264 2504 hoec
1279 2459 1341 2520 non

245 2696 396 2757 niturlinem,
418 2695 477 2746 ideo
500 2695 606 2745 verbum
627 2698 770 2746 decumana
855 2698 951 2760 Quique
968 2695 1057 2760 pubal.
1087 2719 1120 2730 -
1133 2719 1168 2731 —
1183 2709 1246 2760 opta
1265 2703 1346 2746 mmet.

199 2839 203 2845 ·
245 2761 771 2892 ttt”.t³⁸ttl⁰t.ttttlt⁰.ttft
819 2759 1344 2890 ittttttttttntt't‘stttt

246 2845 429 2957 equitemth.
819 2891 924 2954 quidem
934 2891 1012 2940 codd.
1021 2899 1164 2940 constanter
1173 2890 1280 2948 babent,
1294 2890 1343 2940 etri

282 2959 680 3022 remunerentur-receptum.
696 2955 772 3007 Goio-
820 2957 845 3006 in
862 2957 920 3005 edd.
941 2955 1094 3020 quibusdam
1114 2957 1210 3004 rodmar
1230 2954 1343 3019 legitur3

246 3021 356 3072 cbardua
373 3021 467 3084 (mem.
477 3019 553 3072 milit.
565 3022 659 3071 vote.
676 3039 702 3092 p.
713 3025 771 3070 290.
821 3021 881 3070 item
902 3025 997 3085 quique
1019 3021 1098 3070 altero
1125 3019 1185 3068 loco
1216 3018 1242 3068 in
1270 3021 1344 3069 codd.

247 3087 289 3136 vel
302 3087 334 3135 T.
347 3091 371 3134 2.
388 3103 414 3149 p.
426 3087 486 3147 ³08)
506 3101 621 3136 caumm
645 3086 710 3136 hanc
731 3087 771 3136 su·
821 3085 949 3144 scribitur,
959 3101 1017 3134 curn
1030 3084 1054 3133 in
1067 3085 1124 3134 edd.
1133 3083 1228 3148 paim
1238 3100 1344 3150 φαμι

245 3152 332 3218 giendi
342 3151 455 3215 adpellat
465 3150 606 3204 ridiculam.
616 3153 771 3216 omninoque
821 3152 936 3216 legatum
954 3151 998 3200 red
1008 3149 1099 3199 deinde
1118 3149 1143 3198 in
1162 3151 1237 3198 codd.
1251 3159 1298 3210 ert,
1309 3151 1343 3200 od

245 3217 420 3267 narrationem
441 3219 474 3266 de
503 3217 551 3266 boc
580 3216 770 3280 obpugnatione
819 3220 989 3282 quantopere
998 3223 1079 3276 mom,
1097 3223 1142 3264 aut
1161 3216 1267 3264 adeam
1281 3231 1343 3274 ren,

247 3292 334 3332 censet
343 3299 399 3332 case
410 3283 481 3332 omni
499 3298 531 3332 ex
545 3293 616 3348 parte
626 3284 772 3344 obscuram,
820 3283 910 3332 autad
919 3297 960 3330 ea.
968 3333 970 3338 ,
978 3280 1004 3330 Si
1016 3280 1108 3330 vallem
1124 3279 1251 3344 petierunt
1262 3279 1344 3330 muni·

246 3357 273 3398 et
298 3347 332 3398 ab
353 3350 443 3398 eodem
470 3347 656 3412 interpolatam,
683 3365 699 3398 a
719 3365 770 3412 quo
820 3345 879 3396 endi
898 3345 987 3410 gratia.
1009 3347 1169 3396 contulerunt
1185 3361 1212 3393 ae
1230 3345 1256 3394 in
1279 3361 1344 3406 eam,

246 3413 342 3463 multos
354 3414 429 3478 bajus
441 3413 499 3462 libri
508 3415 580 3462 locos
592 3415 627 3462 ita
635 3421 772 3477 corruptos
821 3421 848 3462 ut
872 3411 929 3460 inde
950 3411 1079 3461 materiam
1099 3409 1163 3460 valli
1192 3417 1219 3458 et
1245 3411 1344 3474 aggeris

213 3509 222 3525 .
245 3495 302 3529 erae
312 3480 437 3539 addendo,
446 3479 611 3536 detrahendo,
620 3479 771 3541 explicando
821 3485 1006 3541 comportarent
1017 3475 1043 3525 in
1055 3485 1143 3526 castra.
1157 3473 1242 3524 Verba
1253 3481 1344 3540 quique

245 3544 377 3594 existimat
386 3545 426 3610 (p.
436 3545 504 3604 214),
515 3552 543 3592 ut
553 3543 623 3592 nullo
635 3545 711 3592 modo
724 3560 772 3608 po·
820 3543 856 3592 ad
866 3559 922 3592 eam
930 3558 985 3591 rem
996 3557 1057 3607 opus
1066 3549 1150 3602 mm,
1167 3539 1235 3588 Oud.
1249 3540 1343 3590 intelli·

246 3609 338 3660 tuerint
348 3609 389 3658 vel
399 3627 416 3659 a
429 3610 510 3674 perito
522 3607 570 3666 rei,
585 3607 651 3656 vela
665 3616 770 3658 testeae
820 3606 859 3672 git
878 3608 909 3656 de
930 3605 991 3656 lixis
1011 3605 1206 3668 calonibusque,
1225 3605 1273 3669 qui
1296 3621 1342 3655 una

246 3684 388 3738 spectatore
403 3673 467 3726 belli
485 3674 561 3738 hujus
580 3673 618 3722 sic
635 3671 772 3724 conscribi.
821 3687 880 3720 cum
893 3671 1018 3720 militibus
1028 3679 1098 3720 extra
1116 3669 1270 3720 monitiones
1286 3687 1342 3735 pro-

134 3727 139 3736 *
245 3742 279 3790 Μ
822 3737 951 3786 cesserint.
983 3735 1129 3786 Coherrbit
1149 3751 1219 3799 ergo,
1245 3737 1343 3795 mente,

281 3807 430 3869 Nmrlonpe.
466 3801 531 3866 Leg.
549 3819 600 3852 uon
615 3804 726 3866 numm.
745 3811 772 3851 ut
822 3807 908 3866 qm'-
915 3809 1094 3866 processerunt,
1114 3803 1206 3866 quique
1222 3825 1257 3836 -
1269 3805 1342 3865 petie-

245 3870 368 3921 Daviaiua
378 3869 484 3920 monuit.
501 3869 540 3917 M.
573 3868 664 3917 Clarlre
675 3867 773 3932 negati·
820 3873 897 3916 rant.-
913 3865 946 3916 ab
963 3865 1004 3914 his
1015 3865 1110 3914 diversi
1121 3873 1193 3914 erunt
1204 3867 1291 3924 ceteri,
1300 3865 1341 3929 qni

245 3953 302 3985 ram
318 3943 470 4000 expunctum
487 3933 568 3996 cupit.
597 3933 713 3982 Oudend.
725 3934 773 3982 ba·
819 3934 851 3980 ad
871 3931 1043 3997 pabulandum
1061 3929 1262 4004 lignandumqne
1279 3946 1342 3995 opor

245 4001 359 4061 riolatur,
371 4016 464 4065 maror
478 4001 544 4049 CCC
553 4015 607 4048 esse
618 3999 771 4062 explicatio·
820 4001 898 4045 erant.
911 3997 950 4045 M.
972 3994 1088 4044 Clarlriur
1099 3996 1147 4062 leg.
1158 3995 1342 4058 auspicabatur,

246 4081 304 4114 nem
316 4067 449 4114 verborum
459 4080 509 4114 mn
521 4065 602 4134 lorgoe.
819 4065 917 4112 nouum
928 4065 1049 4120 emt,
1061 4059 1138 4110 nimis
1148 4061 1276 4110 audacter.

284 4133 406 4180 Untrerrr'r
421 4134 503 4195 copiis.
537 4129 603 4178 Ante
621 4128 675 4179 brec
692 4126 769 4178 rerba
858 4129 950 4176 Uticae
962 4142 987 4190 q.
999 4127 1060 4178 loca
1082 4125 1166 4191 vulgo
1184 4129 1223 4174 νὴ·
1240 4141 1266 4191 q.
1286 4141 1306 4175 a.
1322 4129 1339 4176 l.

233 4194 378 4244 detruditur
396 4193 422 4242 in
437 4196 513 4243 codd.
527 4201 553 4241 et
564 4195 623 4242 edd.
634 4201 684 4241 vet.
702 4194 770 4244 lube
819 4191 984 4242 minuascite.

243 4260 465 4309 vellubaemale.
498 4256 770 4323 laeniminRegnum
855 4259 885 4306 At
903 4259 962 4306 hee.
991 4255 1081 4306 Malim
1093 4269 1152 4303 cnm
1163 4257 1223 4305 edd.
1233 4254 1338 4308 nonnul·

242 4341 269 4382 ee
280 4332 418 4388 receperat.
569 4321 574 4328 ’
820 4319 862 4382 lis,
870 4323 906 4374 od
914 4324 976 4384 beet,
988 4319 1006 4372 i.
1017 4337 1042 4372 e.
1054 4327 1180 4388 preterea.
1195 4323 1235 4380 tl!-
