2909 4809
211 272 224 311 ·-
248 260 316 341 ιιι
343 300 349 312 ·
545 260 788 341 onnnmo
809 212 1051 343 essuos
1172 355 1175 367 Ι

217 472 228 500 ‘
251 456 384 551 prodit:
405 454 497 523 sidet
509 454 780 523 inminerebostes
792 466 892 545 ctqns
906 456 940 521 iu
953 448 1074 523 summo
1097 474 1163 519 esse
1182 434 1343 531 reni'dis-
1371 514 1376 521 .

252 540 401 611 erirnine:
431 543 520 632 cepit
541 564 631 609 orme
651 566 675 608 o
701 543 854 632 proximis
868 556 969 629 etque
989 540 1027 608 in
1057 552 1153 645 ports
1179 536 1343 633 consistit.

252 633 503 719 coaequemur
525 628 611 694 bunc
633 629 846 695 Centuriones
862 630 931 717 ejus
948 627 1099 705 cohortis,
1122 650 1195 715 quae
1207 625 1261 707 ,in
1272 634 1342 688 sta-

251 719 338 783 tione
360 728 451 782 eret:
481 714 660 819 paullisper
686 738 752 781 uus
778 714 929 803 proelium
952 714 1121 791 seminent.
1166 710 1343 797 Relinquit
1437 734 1438 739 ¹

248 803 379 869 enimus¹
399 804 558 877 Sextium,
579 800 732 889 gravibus
760 801 900 891 acceptis
926 800 1134 885 vulneribus:
1165 820 1251 885 segre
1275 819 1342 885 per

249 911 361 955 nmnns
373 900 499 954 tractus
508 900 667 954 servetur.
713 886 786 953 Hoc
798 887 902 989 spatio
915 886 1117 975 interposito,
1138 883 1255 971 reliqui
1268 904 1340 947 sese

247 974 437 1041 confirmant
457 986 597 1049 tentum,
620 986 659 1039 ut
682 974 717 1039 in
743 973 972 1041 muurtimibns
997 976 1166 1043 consistere
1192 970 1340 1059 audeaut

244 1061 447 1151 speciemque
457 1059 661 1126 defensorum
699 1058 854 1125 rsebeent.
968 1110 972 1113 -
1210 1131 1215 1141 ,

254 1145 346 1211 39.
371 1145 506 1212 interim
519 1146 665 1213 confecta
709 1144 938 1223 umentntione,
949 1144 1079 1211 militer
1098 1144 1198 1211 nostri
1217 1144 1338 1212 clsruo-

208 1266 215 1275 ·
249 1255 319 1301 rem
332 1232 528 1318 exaudiunt;
549 1242 752 1321 proecurrnnt
765 1231 909 1318 equites,
933 1244 1055 1319 quanto
1078 1229 1120 1295 sit
1139 1254 1190 1297 res
1204 1231 1237 1297 in
1249 1232 1338 1319 peri-

248 1318 344 1394 culo,
352 1330 558 1420 cognoscunt.
584 1348 588 1353 ·
612 1316 873 1384 Hic'veronulls
885 1317 1021 1383 munitio
1041 1329 1101 1394 est,
1119 1340 1193 1404 quae
1208 1330 1338 1407 perter-

203 1424 207 1433 ·
249 1404 330 1471 ritos
344 1404 497 1492 recipiet:
521 1401 617 1469 modo
630 1402 816 1491 conscripti,
831 1415 932 1491 etque
947 1428 1021 1471 usus
1031 1403 1178 1469 militaris
1190 1404 1337 1493 inperiti,

248 1490 293 1557 sd
307 1490 488 1555 Tribunum
502 1489 642 1555 militum
654 1489 867 1555 Centuriones
890 1512 931 1553 ue
946 1512 1002 1556 ora
1016 1502 1231 1555 convertunt:
1254 1491 1337 1579 quid

203 1596 217 1605 ··
247 1576 293 1643 sb
305 1575 352 1641 bis
374 1576 592 1677 precipiatur,
608 1587 807 1663 exspectent.
846 1514 951 1641 tiemo
971 1587 1020 1645 est
1043 1588 1109 1643 tem
1129 1576 1231 1657 fortis,
1255 1578 1337 1663 quin

151 1730 155 1735 ,
249 1662 458 1731 minoritate
480 1662 705 1751 perturbetur.
751 1660 900 1737 Barbari,
915 1662 1005 1749 signs
1042 1662 1134 1727 rocul
1149 1663 1337 1751 conspicati,

247 1748 294 1817 ob
319 1747 490 1899 uqnetioue
515 1746 696 1814 desistunt:
739 1746 857 1849 redisse
879 1749 989 1849 primo
1016 1686 1157 1836 ldgiones
1184 1748 1336 1825 creduut,

364 1859 385 1900 o

272 1772 329 1901 oi·
384 1833 477 1923 ugius
502 1832 677 1901 discessisse
701 1856 744 1899 ex
768 1844 903 1922 ceptrvn
930 1846 1168 1935 cognoverant:
1211 1848 1338 1924 postes,
1431 1862 1434 1867 ·

137 1952 142 1965 ·
198 1934 206 1943 ’
247 1858 400 2073 despecte
455 1920 587 1995 usitate,
603 1920 802 1986 exomnibus
815 1920 964 2009 pertibus
979 1914 1134 2009 rmpetnin
1149 1920 1280 2009 faciunt,

378 2006 516 2072 Gnones
540 2008 574 2072 in
600 2005 783 2095 proximum
810 2006 972 2073 tumulum
999 2022 1216 2095 procurrunt:
1243 2008 1336 2087 *hinc

247 2091 398 2158 celeriter
419 2091 442 2157 d
464 2092 472 2107 ’
527 2090 592 2157 'se
612 2093 645 2157 in
669 2092 760 2180 signs
789 2092 933 2180 manipul
992 2117 1033 2159 ue
1060 2094 1252 2182 conjiciunt:
1294 2120 1336 2161 eo

247 2179 351 2266 iungis
379 2177 451 2243 timi
473 2200 508 2241 os
536 2190 721 2265 perterrent
750 2178 878 2243 milites.
903 2240 906 2247 ,
933 2116 1020 2255 odlii,
1050 2203 1151 2245 cuneo
1180 2182 1269 2264 fecto
1295 2196 1336 2249 ut

177 2289 180 2292 ’
245 2263 395 2329 celeriter
410 2276 632 2351 perrumpunt,
653 2274 796 2339 censent,
818 2264 968 2350 quonium
988 2278 1054 2331 mm
1073 2266 1257 2369 propinqus
1270 2268 1336 2351 siut
1437 2282 1438 2285 ’

246 2360 373 2421 ωτιιιι
395 2361 440 2423 et,
455 2349 482 2412 si
496 2370 570 2437 pers
592 2349 703 2437 eliqua
722 2348 939 2417 circumvento
958 2352 1122 2429 ceciderit,
1142 2367 1177 2417 st
1192 2354 1335 2441 reliquos

247 2434 373 2500 servari
391 2456 484 2523 posse
506 2433 689 2499 confidunt:
721 2435 790 2511 elii,
817 2449 855 2500 ut
876 2436 909 2501 in
926 2436 1006 2527 jugo
1033 2440 1207 2507 consistent
1235 2454 1335 2529 atque

190 2540 194 2548 ’
246 2518 393 2587 eurudem
418 2542 526 2587 omnes
550 2521 656 2587 ferent
684 2544 800 2589 cesum.
848 2522 921 2587 Hoc
949 2536 1074 2591 veteres
1103 2548 1165 2591 non
1194 2528 1336 2615 probent

188 2633 191 2638 ⁴
245 2606 378 2685 milites,
401 2629 481 2695 quos
503 2608 566 2674 sub
583 2607 703 2673 vexillo
724 2608 972 2697 unsprofectcs
996 2610 1170 2677 docuimus.
1217 2612 1336 2701 Itaque

246 2693 380 2760 interse
393 2693 565 2770 cohortati,
586 2692 670 2761 duce
693 2694 734 2759 O.
760 2695 1075 2786 Trebonianuioe
1098 2698 1265 2788 Romano,
1300 2700 1336 2766 ui

247 2779 294 2845 eis
316 2791 388 2845 emt
409 2780 609 2870 prepositus,
631 2780 832 2870 per-medios
852 2779 956 2848 hostes
977 2798 1192 2873 perrumpunt
1215 2724 1336 2852 incolu-

206 2891 209 2896 ⁴
247 2888 377 2954 mosque
393 2865 436 2929 sd
459 2890 557 2932 unum
576 2888 684 2933 omnes
705 2867 738 2932 in
759 2878 863 2933 cestre
888 2869 1090 2956 perveniunt.
1137 2872 1207 2939 Hos
1227 2874 1336 2939 subse·

210 2983 212 2988 ·
240 2950 316 3017 ‘cuti
330 2951 455 3024 calones
468 2951 657 3054 equitesque
669 2952 780 3018 eodem
794 2952 907 3042 inpetu
922 2955 1059 3021 militum
1071 2957 1195 3025 virtute
1207 2981 1336 3025 servan·

223 3047 315 3102 '·tnr.
361 3040 409 3102 At
422 3037 457 3114 ii,
477 3037 582 3123 quiin
597 3061 678 3127 Jugo
697 3039 921 3116 constiterant,
941 3042 1031 3107 nullo
1051 3044 1147 3109 etiarn
1168 3067 1253 3111 nunc
1274 3070 1335 3111 usu

138 3172 141 3174 s
246 3124 297 3189 rei
309 3122 456 3190 militaris
468 3138 637 3212 percepto,
657 3145 761 3213 neque
777 3126 809 3191 in
830 3148 880 3201 eo,
926 3127 989 3194 uod
1034 3130 1239 3208 roboretum,
1261 3156 1335 3205 oon-

129 3242 135 3251 ·
243 3208 324 3277 silio
332 3232 532 3299 permanere,
544 3222 582 3276 ut
595 3234 629 3277 se
642 3211 715 3278 loco
728 3234 765 3289 ιιι
807 3212 892 3277 riore
902 3152 997 3298 defen
1020 3229 1124 3293 erent,
1137 3238 1241 3306 neque
1251 3242 1335 3296 eam,

246 3318 345 3384 quem
369 3295 526 3386 profuisse
548 3296 618 3362 eliis
644 3297 709 3363 vim
737 3322 774 3363 ee
788 3299 1000 3388 eritetemque
1028 3302 1187 3381 viderant,
1217 3304 1336 3373 imitari

292 3393 444 3455 tneruntz
473 3382 542 3459 sed,
569 3406 603 3447 se
629 3384 673 3448 in.
688 3386 961 3475 castrorecipere
986 3388 1104 3465 conati,
1128 3390 1272 3479 iniquum
1300 3392 1334 3457 in

247 3404 354 3534 lidum
367 3468 568 3534 demiserunt.
614 3470 837 3548 Centuriones,
857 3496 996 3573 quorum
1012 3476 1157 3540 nonnulli
1171 3501 1211 3542 ex
1225 3478 1335 3543 inferi-

201 3613 203 3620 .
245 3554 359 3621 oribus
387 3554 553 3622 ordinibus
582 3554 780 3642 reliquarum
808 3557 971 3643 legionum
986 3560 1127 3627 ,virtutis
1155 3587 1265 3631 caussa
1299 3564 1333 3631 in

145 3662 147 3676 ¹
247 3640 428 3729 superiores
446 3655 543 3731 ‘erent
562 3642 689 3709 ordines
709 3642 804 3732 hujus
835 3644 1176 3733 legionis-transducti,
1197 3672 1237 3715 ne
1257 3662 1334 3717 ente

248 3740 378 3815 partem
391 3726 438 3793 rei
451 3726 599 3793 militaris
613 3728 739 3795 lsudem
752 3728 948 3808 emitterent,
967 3732 1135 3799 fortissime
1155 3752 1334 3825 pugnantes

247 3813 463 3881 conciderunt.
481 3811 625 3881 Militum
638 3838 726 3903 pers,
741 3812 857 3882 borum
871 3816 993 3886 virtute
1008 3821 1161 3887 submotis
1175 3820 1333 3901 hostibus,

284 3986 410 4051 nanque
423 3991 525 4052 messes
544 3990 665 4047 Senium
685 3986 766 4041 enimi
802 3966 844 4039 ⁸nt
864 3988 982 4043 Derisim
1003 4000 1104 4057 potesse
1121 3996 1229 4048 ridetur.
1269 3998 1333 4050 Mox

249 4048 390 4113 deliquium
407 4068 496 4115 μιαιιι
513 4059 560 4111 est,
575 4060 604 4101 nt
619 4052 712 4101 medici
727 4053 766 4101 lo-
815 4054 883 4104 enirn
895 4066 1135 4110 servatusnerrntur.

248 4122 366 4191 quantur.
384 4118 504 4179 Μάσκα
514 4116 628 4165 additum
635 4125 693 4193 aute
700 4132 767 4182 ηις
849 4121 1041 4185 onupuem.
1052 4126 1086 4174 sl.
1097 4126 1130 4175 sb
1139 4121 1333 4193 'obmspna'eionc

250 4192 277 4229 ru
288 4193 338 4227 uuo
348 4180 405 4228 cod.
417 4180 501 4231 Oxou.
511 4189 606 4243 emt3
616 4182 660 4230 sed
669 4182 767 4233 videtne
848 4187 880 4235 As
890 4188 1004 4251 reliquos.
1022 4188 1040 4237 i.
1050 4204 1075 4239 e.
1083 4199 1137 4239 turn
1148 4192 1247 4243 saltem.

247 4242 395 4299 somme.
412 4246 451 4297 Μ.
482 4244 767 4307 Μοιιιιιιιιιοιιᾱὶιίιιιι,
815 4252 1031 4369 (3wa
1047 4254 1333 4310 vintoniensem.
