2909 4809
440 278 539 365 nm.
562 278 589 345 1.
636 277 741 347 cnr.
765 274 822 357 ez,
842 282 898 349 ss.
1177 283 1223 353 25
1263 258 1268 265 '

125 477 148 507 ⁶⁸
164 462 314 543 asora,
337 464 392 533 vu
411 466 540 547 somne
567 466 689 557 Populi
712 466 851 535 nomn
870 437 1035 545 neom
1054 480 1160 559 poen
1181 492 1222 539 ne

126 562 149 618 ‘.‘
165 552 457 643 mejor'multitudo
470 556 708 621 Gennanorum
718 554 868 621 Rhenum
878 556 1128 633 transducatur:⁴
1143 556 1222 627 Gal·
1322 607 1326 626 ι

125 652 149 683 “
166 640 244 709 liam
268 663 309 707 ue
322 665 449 709 omnem
462 640 506 707 ab
520 640 680 707 Ariovisti
691 640 810 707 in'uria
824 665 916 729 posse
927 641 1128 709 defendere.”

170 728 246 795 32·
290 729 483 797 secretione
496 729 539 795 ab
552 728 717 803 Divitiaco
768 726 851 804 bita,
870 729 1062 818 omnes,qui
1075 729 1222 809 aderant,

128 836 247 905 magno
262 813 342 881 fletu
364 816 522 883 auxilium
535 838 556 883 a
571 816 697 881 Oaeeere
756 827 825 881 tere
843 828 1026 903 coeperunt.
1069 816 1221 885 Anirnsd

126 902 230 969 vertit
245 902 366 979 cesar,
390 926 471 969 unos
489 927 530 969 ex
543 902 692 969 omnibus
733 923 875 1004 equanos
887 901 970 969 nihil
984 926 1096 969 earum
1111 926 1223 971 rerum

125 989 245 1066 facere,
267 1013 348 1079 quas
362 990 462 1056 ceteri
475 990 636 1065 facerent;
659 988 714 1056 sed
727 1001 848 1065 tristes,
869 988 976 1078 capite
992 990 1142 1066 demisso,
1158 1002 1222 1057 ter·

126 1099 198 1143 ram
212 1076 343 1143 intueri.
388 1076 468 1165 Ejus
479 1078 527 1143 rei
539 1099 649 1143 caussa
661 1098 736 1166 quae
748 1088 832 1142 esset
841 1075 977 1142 miratus
990 1100 1031 1142 ex
1044 1076 1122 1179 ipsis
1135 1101 1224 1166 qure-

127 1162 193 1228 siit.
240 1162 333 1230 Nihil
356 1164 497 1253 Sequani
516 1162 720 1253 respondere,
737 1162 791 1229 sed
806 1163 842 1230 in
853 1162 964 1229 eadem
983 1164 1117 1231 tristrtia
1130 1164 1223 1231 taciti

127 1272 328 1338 permanere.
360 1251 525 1330 Quumab
538 1250 577 1317 iis
591 1251 707 1341 saepius
722 1255 894 1340 quereret,
914 1272 938 1316 n
978 1250 1134 1317 neullam
1155 1275 1224 1319 om-

126 1336 204 1405 nino
215 1361 327 1404 vocem
337 1338 519 1427 exprimere
530 1349 649 1441 ponet,
662 1338 747 1405 idem
761 1336 943 1404 Divitiecus
1022 1362 1083 1417 uus
1093 1361 1225 1429 respon·

125 1420 196 1490 dit:
221 1435 244 1466 ‘⁸
264 1423 337 1492 Hoc
350 1448 417 1491 esse
437 1424 633 1511 miseriorem
653 1424 900 1515 gravioremque
919 1424 1085 1492 fortunam
1101 1426 1124 1490 S
1168 1450 1225 1493 ua·

42 1536 47 1543 ·
128 1518 152 1551 “
168 1534 297 1588 norum,
318 1534 387 1601 pree
409 1511 623 1600 reliquorum,
646 1510 737 1601 quod
753 1511 816 1579 soli
838 1534 878 1576 ne
896 1510 931 1577 in
948 1512 1079 1579 occulto
1092 1512 1150 1602 qui
1172 1538 1225 1579 em

127 1607 151 1637 “
167 1598 274 1687 queri,
298 1621 355 1665 nec
370 1598 528 1665 auxilium
546 1599 590 1665 im
616 1596 722 1666 lorare
736 1597 904 1675 auderent,
923 1598 1128 1689 absentisque
1149 1600 1224 1667 Ari·

127 1695 152 1724 “
167 1686 265 1753 ovisti
291 1684 527 1761 crudelitatem,
553 1622 646 1751 velut
673 1682 700 1757 si
729 1708 839 1753 coram
868 1685 1002 1763 edomet,
1031 1685 1221 1755 horrerent:

68 1776 70 1781 ’
126 1782 151 1811 “
167 1785 344 1863 propterea
366 1772 455 1862 quod
468 1771 601 1863 reliquie
620 1783 728 1839 tamen
742 1772 829 1860 fugae
844 1772 980 1837 facultas
991 1772 1145 1847 daretur;
1166 1776 1226 1841 Se-

89 1874 94 1885 '
127 1869 151 1899 “
167 1860 282 1950 quanio
302 1882 392 1935 vero,
416 1860 474 1948 qui
494 1860 581 1925 intre
599 1856 678 1926 fines
700 1882 775 1925 suos
795 1858 998 1925 Ariouistum
1020 1858 1224 1947 recepissent,
1263 1864 1267 1869 ’

126 1956 151 1986 “
167 1970 310 2048 quorum
323 1946 446 2037 oppida
458 1946 567 2013 omnia
588 1944 621 2011 in
636 1956 798 2037 potestate
810 1944 879 2033 ejus
894 1957 1010 2021 essent,
1029 1968 1138 2012 omnes
1151 1971 1225 2014 cru·

127 2043 151 2074 ‘⁶
167 2046 270 2100 eratus
281 2047 385 2099 ment
399 2032 614 2123 perferendi.”

170 2121 224 2187 33.
252 2120 315 2186 His
338 2118 435 2186 rebus
455 2119 605 2209 cognitis,
630 2118 740 2185 Cesar
768 2116 941 2184 Gallorum
966 2114 1089 2185 animos
1118 2121 1227 2190 verbis

125 2206 342 2283 confirmarit,
367 2205 596 2296 pollicitusque
615 2216 675 2281 est,
695 2202 758 2271 sibi
778 2227 849 2271 eam
867 2227 937 2271 rem
957 2228 1044 2271 eurae
1057 2204 1223 2276 futuramt

126 2317 278 2383 magnam
301 2318 334 2359 se
356 2293 503 2359 haberes
546 2317 591 2368 m,
614 2305 648 2359 et
661 2289 817 2359 beneficio
836 2315 896 2359 suo
912 2302 946 2359 et
963 2294 1159 2363 auctoritate
1170 2297 1226 2364 od·

124 2380 262 2447 ductum
278 2380 481 2447 Ariovistum
525 2402 598 2447 nem
617 2378 743 2469 injuriis
763 2378 939 2445 facturum.
985 2378 1058 2445 Hac
1078 2384 1226 2453 oratione

125 2466 249 2545 habita,
273 2467 445 2535 concilium
467 2466 601 2544 dimisit,
624 2480 659 2547 et
680 2464 855 2532 secundum
877 2490 915 2531 ea
943 2466 1056 2533 multae
1077 2492 1128 2536 res
1149 2495 1234 2539 eum*

124 2553 355 2631 hortabantur,
365 2577 467 2645 quare
477 2552 539 2621 sibi
552 2576 621 2619 eom
636 2576 705 2619 rem
720 2552 924 2641 cogitandam
938 2565 973 2618 et
991 2554 1225 2657 suscipiendam

128 2654 282 2732 putaret;
313 2641 347 2709 in
370 2640 483 2731 primis
506 2640 595 2730 quod
617 2638 753 2715 AEduos,
775 2638 892 2705 fratres
910 2662 1225 2734 comangmneosque

124 2752 347 2831 sepenumero
378 2728 422 2795 ab
449 2729 571 2794 Senatu
597 2726 789 2816 adpellatos,
819 2726 853 2792 in
877 2726 1034 2793 servitute
1061 2742 1162 2818 atque
1190 2731 1225 2797 in

124 2816 249 2883 ditrone
268 2814 400 2881 videbat
422 2814 660 2881 Germanorum
680 2812 795 2889 teneri,
814 2835 993 2901 eorumque
1015 2814 1141 2882 obsides
1159 2842 1226 2885 esse

124 2903 215 2993 apud
236 2901 439 2967 Ariovistum
458 2922 496 2965 ac
521 2901 688 2990 Sequanos
711 2898 938 2989 intellegebat:
963 2900 1053 2989 quod
1075 2902 1111 2969 in
1133 2916 1225 2972 tanto

124 2989 168 3056 im
213 2988 264 3056 rio
282 2986 403 3077 Populi
425 2986 563 3053 Romani
588 2987 812 3076 turpissimum
825 2986 887 3053 sibi
907 2999 941 3053 et
963 2988 1140 3078 republicae
1159 3016 1227 3059 esse

122 3100 161 3143 ar
184 3075 361 3143 itrabntur.
410 3073 585 3140 Paullatim
597 3086 707 3139 autem
730 3075 909 3141 Germanos
922 3097 1126 3144 consuescere
1140 3078 1226 3144 Rhe·

123 3186 203 3231 num
219 3162 377 3236 transiret
401 3161 491 3227 etin
515 3160 657 3225 Galliam
676 3182 728 3226 me
792 3184 825 3226 m
848 3184 961 3228 eorum
984 3161 1226 3231 multitudinem

124 3250 250 3325 venire,
277 3248 406 3339 Populo
435 3246 583 3315 Romano
614 3246 726 3337 pericu
740 3270 832 3314 osum
853 3248 1006 3323 videbat:
1030 3272 1134 3339 neque
1163 3251 1225 3319 sibi
1256 3286 1267 3293 ·-

125 3338 271 3405 homines
294 3334 379 3403 feros
401 3358 438 3401 sc
460 3334 619 3401 barbaros
642 3346 880 3423 temperaturos
893 3336 1108 3414 existimabat,
1132 3340 1225 3429 quin,

125 3447 230 3512 quum
246 3444 373 3491 omnem
390 3420 532 3487 Galliam
552 3433 773 3511 occupassent,
788 3434 915 3488 utente
931 3422 1057 3490 Cimbri
1072 3424 1226 3495 Teutoni-

124 3534 190 3601 que
216 3510 377 3584 l'ecissent,
401 3508 435 3575 in
456 3508 661 3575 Provinciam
683 3507 808 3575 exirent
826 3522 927 3608 atque
946 3509 1019 3577 inde
1041 3512 1074 3579 in
1097 3511 1227 3582 Italiam

162 3676 361 3729 Tmfltlwlttr·
377 3672 647 3724 immenti-deoclet-
704 3672 723 3721 lt
733 3671 807 3738 ‘1³0th
817 3671 939 3737 (ὄμμχη
947 3674 1070 3727 imirm·
1102 3676 1143 3726 Ci.
1164 3676 1217 3727 Dio

128 3740 176 3791 Sed
192 3759 216 3791 v.
235 3740 354 3791 &boetus
367 3740 401 3789 ed
418 3738 479 3787 Aur·
491 3736 561 3787 Vict.
577 3740 609 3787 de
621 3738 654 3788 V.
702 3736 874 3799 (temneat
891 3741 930 3789 M.

124 3806 165 3856 ill.
175 3823 199 3857 c.
215 3810 253 3856 ll.
737 3805 980 3869 Frotmoonmou.
1006 3804 1228 3871 Cic.edAttic·l,

163 3874 274 3927 ΟΜ.
316 3869 359 3921 sie
384 3864 447 3921 boui
473 3866 547 3917 codd.
576 3867 654 3933 volgo
705 3868 1215 3930 19.raetc.ann.11,se.ssumenhss

127 3945 237 4002 W
801 3950 828 3998 P·

162 4068 223 4119 Pru
237 4069 308 4132 sitq.
334 4066 376 4117 Sic
390 4064 545 4117 eudoxon.
571 4062 655 4129 Vulgo
700 4063 864 4143 minosapte.

125 4147 270 4249 mallim.
280 4196 432 4258 eldeum,
443 4196 511 4262 quod
522 4208 655 4259 perperam
701 4130 832 4255 ¹²lequ
840 4130 1001 4259 gum
1010 4131 1181 4256 &vlegnqssss
1187 4136 1229 4251 11.

128 4272 265 4313 nonnemo
277 4260 397 4327 prrelulit.
704 4260 730 4316 ⁴,
741 4261 781 4309 78.
796 4269 825 4309 et
833 4259 919 4309 Germ.
930 4263 970 4310 87.
988 4262 1078 4312 Μαι.
1093 4262 1229 4315 nemun

164 4328 345 4393 &ammoneo
368 4326 494 4377 tuear.
527 4324 656 4375 Plutarch.
703 4322 768 4375 belli
786 4325 813 4375 b.
828 4324 1133 4379 tcomeruoratisvid.
1152 4330 1186 4381 ed
1202 4346 1228 4382 c.

131 4390 231 4446 incus.
242 4410 303 4461 cup.
317 4396 356 4455 19,
383 4388 658 4461 Knirqsls'lgrissm
703 4392 745 4443 tt,
761 4390 801 4443 dl·

161 3972 413 4067 rosatum?
739 3968 933 4063 sm.
962 3968 997 4050 'n
1016 3971 1228 4067 omnuim.
1343 4027 1347 4034 x
