2909 4809
245 173 312 310 seo
588 233 652 305 ur
674 225 825 339 netto
848 223 1005 304 clvnr.
1092 223 1101 286 5

249 423 383 494 Caesaris
397 434 620 513 exspectatur:
643 424 769 490 nullum
782 446 822 490 er
834 444 940 498 muro,
956 419 1113 486 nulloma
1127 415 1243 484 nostris
1264 415 1336 483 mit-

248 513 333 578 titur
358 511 480 587 telum;
503 524 542 575 ut
568 535 603 577 re
626 512 786 588 confecta,
812 531 920 575 omnes
947 531 1065 582 curam¹
1079 518 1113 571 et
1136 505 1336 592 diligentiam

249 596 431 665 remittunt.
475 597 583 664 Caesar
609 599 695 663 enim
721 621 781 687 per
805 597 929 662 litteras
955 593 1119 660 Trebonio
1141 613 1337 680 magnopere

248 685 467 759 maridaverat‚
481 707 520 749 ne
530 707 595 786 per
621 684 686 750 nim
709 683 869 774 oppidum
892 679 1069 771 expugnari
1089 691 1273 768 pateretur:
1297 699 1337 742 ne

248 771 379 860 gravius
399 783 539 873 permoti
563 769 680 837 milites
706 784 742 836 et
761 769 948 836 defectionis
971 767 1044 834 odio
1066 781 1099 831 et
1121 765 1336 832 contemtione

221 908 225 914 .
248 858 298 922 sui
317 869 351 924 et
374 856 499 924 diutino
521 857 631 923 labore
650 879 758 922 omnes
780 856 917 945 puberes
936 853 1170 920 interficerent:
1195 851 1281 952 quod
1302 871 1336 915 ee

248 943 391 1010 facturos
405 944 628 1019 minabantur;
651 966 799 1031 regreque
821 957 897 1008 tunc
910 955 983 1009 sunt
998 939 1127 1015 retenti,
1148 959 1227 1026 quin
1242 939 1336 1028 oppi-

247 1029 325 1096 dum
360 1030 465 1097 inrum
509 1043 595 1106 rent,
630 1031 839 1120 graviterque
873 1051 943 1094 eam
970 1051 1037 1093 rem
1066 1025 1227 1100 tulerunt,
1249 1023 1336 1112 quod

247 1117 372 1269 ἰξύας
395 1140 453 1205 per
502 1115 681 1193 rebonium,
697 1116 881 1205 quominus
899 1113 1020 1207 oppido
1036 1115 1232 1202 potirentur,
1248 1111 1336 1179 vide-

291 1215 358 1269 tur.

295 1290 344 1354 lt.
369 1291 416 1355 At
427 1285 531 1354 hostes
544 1291 611 1358 sine
626 1289 690 1355 lide
704 1300 831 1378 tempus
842 1299 939 1375 atque
952 1287 1147 1353 occasionem
1162 1283 1287 1351 fraudis
1299 1307 1335 1352 ac

246 1373 315 1441 doli
329 1387 493 1468 quierunt:
517 1376 760 1465 interjectisque
774 1376 899 1464 aliquot
913 1373 1036 1449 diebus,
1056 1372 1170 1444 nostris
1184 1373 1336 1460 languen-

247 1462 336 1528 tibus
349 1475 447 1550 atque
460 1462 565 1528 animo
579 1463 725 1539 remissis,
739 1463 857 1538 subito,
877 1460 1051 1538 meridiano
1064 1473 1222 1562 tempore,
1236 1481 1338 1545 quum

240 1548 329 1614 'alius
348 1547 548 1626 discessisset,
574 1549 656 1615 alius
681 1573 721 1614 er
747 1547 871 1614 diutino
892 1548 1001 1613 labore
1026 1547 1058 1612 in
1088 1548 1163 1635 ipsis
1185 1545 1338 1635 operibus

166 1675 170 1686 ·
246 1635 350 1722 quieti
377 1661 411 1702 se
436 1634 586 1712 dedisset,
613 1658 702 1702 arma
727 1657 805 1700 vero
830 1635 933 1700 omnia
960 1629 1102 1721 reposita
1124 1644 1338 1718 contectaque

245 1736 362 1799 essent,
390 1722 491 1811 portis
511 1747 545 1789 se
566 1723 651 1788 foras
670 1745 761 1789 erum
788 1735 858 1796 unt,
881 1719 1021 1786 secundo
1042 1740 1221 1807 magnoque
1241 1733 1337 1785 vento

246 1807 354 1896 ignem
370 1808 523 1899 operibus
536 1809 692 1875 inserunt.
774 1829 835 1873 unc
856 1808 900 1873 sic
923 1805 1049 1872 distulit
1061 1821 1186 1881 ventus,
1208 1806 1257 1872 uti
1273 1827 1338 1872 uno

143 1918 147 1931 ·
246 1907 395 1985 tempore
419 1917 532 1986 agger,
552 1897 673 2000 plutei,
698 1894 837 1970 testudo,
862 1893 973 1974 turris,
995 1905 1153 1960 tormenta
1179 1892 1338 1958 flummm

139 2011 142 2013 “
245 1985 452 2072 conciperent
464 1996 498 2047 et
535 2007 600 2049 rsus
611 1982 677 2049 haec
691 1983 797 2049 omnia
809 1991 1093 2055 consumerentur,
1103 2001 1211 2066 quam,
1227 1995 1336 2067 quem·

246 2067 422 2134 admodum
436 2007 611 2145 accidisset,
626 2069 768 2136 animum
782 2068 908 2136 adverti
922 2079 1039 2156 posset.
1086 2065 1211 2142 Nostri,
1223 2088 1337 2169 repen·

245 2155 315 2220 tina
327 2155 459 2222 fortuna
473 2157 740 2244 permotiones,
755 2179 827 2244 quse
842 2167 986 2243 possunt,¹
1012 2151 1197 2242 adripiunt:
1220 2151 1276 2218 aln
1296 2179 1337 2220 ex

186 2303 192 2314 ,
244 2241 358 2306 castris
379 2267 445 2307 sese
464 2241 615 2315 incitant;
646 2242 685 2307 fit
698 2243 730 2308 in
746 2242 843 2308 hostis
863 2242 1006 2331 inpetus;
1028 2241 1083 2306 sed
1103 2263 1198 2306 muro
1211 2241 1337 2328 sagittis

242 2329 478 2417 tormentisque
492 2327 654 2430 fugientes
666 2328 813 2418 persequi
826 2326 1048 2417 prohibentur.
1071 2326 1123 2392 Illi
1136 2327 1197 2393 sub
1208 2350 1337 2393 murum

244 2435 279 2476 se
300 2414 463 2502 recipiunt
492 2414 601 2502 ibique
627 2415 804 2481 musculum
829 2414 944 2480 turrim
969 2438 1009 2478 ue
1037 2413 1208 2480 lateritiam
1234 2413 1337 2483 libere

244 2497 428 2566 incendunt.
468 2499 519 2566 lta
540 2501 717 2567 multorum
743 2502 897 2567 mensium
922 2438 1015 2566 labor
1036 2497 1174 2566 hostium
1189 2499 1337 2589 perfidia,

243 2591 280 2650 e't
306 2586 338 2651 vi
364 2600 430 2654 tem
473 2587 575 2664 statis,
602 2601 725 2678 puncto
751 2602 815 2654 tem
861 2588 904 2654 ris
932 2587 1067 2653 interiit.
1112 2587 1337 2654 Tentaverunt

242 2669 305 2738 hoc
320 2671 404 2739 idem
459 2674 631 2744 assilienses
650 2687 780 2764 postero
823 2695 868 2741 re:
892 2673 1144 2740 eamdemnacti
1165 2688 1335 2764 tempesta-

242 2769 322 2835 tem,
349 2760 462 2849 majori
492 2783 565 2826 cum
593 2759 708 2828 fiducia
733 2762 775 2828 ad
804 2761 942 2827 alterum
970 2774 1092 2826 turrem
1119 2785 1335 2850 aggeremque

240 2846 413 2933 eruptione
427 2860 656 2936 pugnaverunt
676 2849 879 2935 multumque
899 2847 1005 2936 ignem
1019 2846 1210 2913 intulerunt.
1257 2849 1334 2926 Sed,

242 2943 283 2996 ut
290 2931 465 3021 superioris
476 2933 630 3023 temporis
640 2936 876 3001 contentionem
888 2935 987 3000 nostri
1000 2956 1124 3000 omnem
1138 2935 1336 3011 remiserant,

240 3015 301 3093 ita,
318 3019 456 3106 proximi
468 3019 531 3085 diei
543 3043 618 3086 casu
630 3020 796 3096 admoniti,
807 3019 959 3088 omniaad
975 3019 1189 3086 defensionem
1201 3043 1336 3110 parave-

242 3118 328 3170 rant.
374 3103 501 3194 ltaque,
516 3106 625 3172 multis
637 3106 826 3186 interfectis,
852 3106 993 3195 reliquos
1004 3105 1123 3198 infecta
1143 3130 1178 3174 re
1192 3107 1224 3174 in
1239 3109 1335 3202 oppi-

242 3189 323 3257 du'm
337 3215 374 3258 re
398 3193 540 3258 ulerunt.

291 3277 341 3342 15.
394 3278 545 3346 rebonius
559 3304 608 3357 ea,
638 3305 710 3370 quae
726 3281 937 3359 suntantea,
952 3280 1056 3347 multo
1079 3281 1200 3372 majore
1224 3280 1334 3348 studio

242 3363 383 3432 militum
396 3366 619 3440 administrare
637 3381 672 3435 et
692 3367 823 3435 reficere
843 3367 996 3434 instituit.
1042 3367 1139 3446 Nam,
1155 3368 1211 3436 ubi
1227 3383 1334 3436 tantos

242 3473 317 3519 suos
329 3451 456 3520 labores
468 3465 503 3519 et
513 3453 689 3544 adparatus
702 3456 786 3524 male
796 3455 942 3546 cecidisse
956 3455 1120 3533 viderunt,
1134 3455 1334 3548 induciisque

277 3624 357 3676 Ama
375 3632 490 3678 conteda.
506 3626 559 3676 vid.
581 3629 614 3677 ad
631 3627 661 3678 B.
684 3628 716 3678 G.
738 3632 764 3690 2,
848 3631 924 3679 Maro
932 3633 1032 3694 sagittis
1033 3631 1207 3744 polubrum,
1224 3631 1333 3697 sagittis,

244 3689 285 3736 il.
304 3689 342 3738 M.
813 3709 912 3744 emuro
923 3694 1015 3744 missis.
1064 3731 1070 3743 .

265 3754 310 3802 'Se
322 3755 394 3817 sorar
411 3763 555 3822 mesprmt.
589 3757 631 3807 Sic
651 3767 677 3808 et
693 3757 764 3822 virg.
845 3761 945 3823 Majon'.
962 3756 1014 3809 Alii
1025 3764 1173 3826 umjoirque.

242 3815 274 3866 G.
293 3820 318 3876 4,
335 3822 392 3868 ³68.
422 3818 463 3870 Cf.
484 3829 511 3870 et
534 3821 634 3886 Berger.
657 3825 689 3872 de
710 3829 763 3873 nal.
847 3827 988 3888 Superioris
1013 3829 1126 3890 temporis
1152 3829 1331 3878 tumentium

280 3882 327 3956 lcr.
346 3891 411 3933 oret.
427 3900 453 3948 p.
477 3890 534 3936 408.
549 3895 576 3936 et
587 3887 715 3939 Drakenb.
731 3889 763 3937 ad
811 3888 954 3952 (antiquam
973 3888 1162 3950 fortitudinem)
1182 3896 1332 3944 remiseram

262 3947 456 4008 rlrum19,⁴88.
513 4011 516 4017 Ι
812 3954 823 4016 (
858 3954 987 4018 raliquot
1007 3953 1081 4016 dies).
1112 3958 1151 4004 M.
1193 3956 1284 4008 Ciacc.
1304 3967 1331 4007 et

271 4011 415 4062 'Tomenta
436 4014 576 4079 flammam
601 4021 762 4084 conciperent.
852 4017 930 4068 visius
948 4019 1050 4068 mollem
1070 4023 1195 4085 superum·
1212 4029 1331 4088 tenpore.

242 4071 329 4137 vu¹8⁰
339 4083 516 4146 tomentoqae.
548 4081 612 4135 md.
628 4091 680 4134 vet.
698 4087 764 4134 acci-
810 4096 948 4148 nonopus.
972 4084 1014 4133 Sic
1031 4089 1108 4135 ΜΟ.
1127 4087 1330 4152 adwpsriorem

238 4147 334 4208 pereat
810 4163 880 4228 spen
896 4149 987 4204 auam
999 4153 1131 4219 merentis
1147 4157 1265 4220 ternpon's
1278 4157 1332 4222 opt-

810 4227 891 4268 nune.
