2909 4809
417 247 506 318 Lm.
523 247 593 318 111.
626 247 930 322 creso-sm.
986 237 988 244 ’
1177 255 1247 328 coe

120 429 245 504 ithfuit
258 431 387 516 fabum,
403 438 493 526 quod
507 440 574 518 ille,
589 439 623 508 in
637 461 781 531 pugnam
796 439 1011 532 proficiscens,
1060 415 1154 512 xerat
1166 467 1181 512 :-
1198 447 1263 516 sic‘

120 522 216 592 enim
230 523 342 592 Cesar
354 526 572 607 existimabat,
591 552 637 595 eo
644 528 763 618 proelio
775 529 1068 597 excellentissimam
1083 534 1243 602 virtutem

127 609 279 678 Crastini
293 613 407 691 fuisse,
417 617 607 705 optimeque
619 640 695 682 eum
708 616 795 683 dese
809 617 963 683 meritum
973 617 1153 706 judicabat.
1190 622 1243 689 Ex
1284 663 1287 672 ν

126 699 332 788 Pompeiano
356 704 501 769 exercitu
523 705 652 770 circiter
671 703 762 770 milia
785 703 966 793 quindecim
987 704 1133 774 cecidisse
1152 708 1242 776 vide·

122 787 272 854 bantur:
295 788 351 854 sed
365 789 399 854 in
408 783 606 858 deditionem
620 791 934 880 veneruntsmplius
947 791 1036 856 milia
1050 806 1193 882 quatuor
1206 807 1250 862 et

127 873 272 963 viginti:
303 875 455 966 (namque
479 876 578 944 etiam
600 877 769 958 cohortes,
782 901 855 965 quae
876 877 1025 967 praesidio
1046 881 1080 946 in
1103 881 1243 950 castellis

124 961 277 1038 fuerant,
290 987 358 1047 seqe
375 965 477 1031 Sullre
489 963 687 1032 dediderunt
696 969 721 1052 ε)
751 965 847 1032 multi
860 966 1065 1053 praetereain
1080 966 1242 1036 finitumos

124 1049 279 1116 civitates
293 1050 366 1116 refu
390 1065 498 1129 erunt,
507 1052 878 1142 signaquemilitarisex
891 1052 1009 1141 proelio
1021 1053 1064 1120 ad
1080 1054 1242 1122 caemrem

125 1149 209 1204 sunt
235 1137 338 1204 relata
366 1075 531 1216 011ΧΧΧ,
556 1153 591 1206 et
615 1140 734 1228 aquilae
758 1162 885 1206 novem.
932 1139 979 1204 L,
993 1141 1168 1217 Domitius,
1198 1153 1244 1208 οῖ’

126 1222 244 1326 castris
268 1223 302 1290 in
322 1238 463 1294 montem
485 1226 659 1316 refugiens,
683 1251 787 1378 quum
802 1227 975 1294 vireseum
989 1227 1242 1296 lassitudinede·

127 1311 292 1389 fecissent,
306 1313 350 1379 sb
364 1314 528 1401 equitibus
543 1327 591 1380 est
606 1315 690 1380 inter
705 1326 808 1380 ectus.

181 1399 254 1466 100.
277 1399 400 1468 Eodem
414 1414 561 1490 tempore
577 1401 621 1466 D.
640 1401 758 1468 Laelius
773 1423 846 1468 oum
861 1399 957 1468 classe
972 1400 1015 1468 ad
1032 1357 1243 1470 Brundisium

128 1487 243 1563 venit3
265 1487 447 1577 eademque
457 1491 595 1564 ratione,
610 1511 677 1578 qus
691 1488 815 1554 factum
828 1510 849 1552 a
865 1487 988 1555 Libone
1003 1501 1098 1555 antea
1112 1489 1243 1558 demon·
1295 1507 1301 1522 ·

127 1574 316 1650 stravimus,
328 1575 465 1642 insulam
477 1577 638 1662 obiectam
649 1576 760 1678 portui
777 1573 972 1642 Brundiino
983 1576 1099 1642 tenuit.
1147 1578 1257 1643 Sim·-

126 1661 208 1730 licor
234 1661 395 1739 Vatinius,
424 1663 483 1751 qui
509 1648 683 1730 Brundisio
711 1673 861 1752 praerat,
892 1663 985 1728 tectis
1011 1663 1240 1751 instructisque

127 1746 256 1838 scaphis
269 1749 382 1815 elicuit
393 1772 488 1816 naves
500 1749 673 1826 Laelionam
695 1762 795 1838 atque
806 1749 1038 1838 exhislongius
1048 1749 1242 1838 productam

129 1859 230 1902 unam
258 1837 524 1926 quinqueremem
549 1850 583 1903 et
610 1839 750 1906 minores
774 1837 854 1906 duas
882 1837 915 1902 in
942 1837 1100 1924 augustiis
1125 1848 1242 1925 portus
1285 1841 1288 1848 ’

130 1923 242 2013 cepit3
273 1923 417 2013 itemque
439 1948 499 2012 per
523 1951 541 1991 c
565 1925 648 1990 uites
664 1925 836 2014 dispositos
861 1946 947 2010 aqua
970 1921 1148 2012 prohibere
1161 1923 1241 1988 clas-

89 2055 92 2060 -
131 2010 245 2078 siarios
259 2010 412 2079 instituit.
458 2012 524 2078 Sed
540 1949 667 2090 irslius,
688 2025 834 2101 tempore
849 2010 923 2080 suni
937 2011 1153 2080 commodiore
1166 2033 1242 2084 usus

133 2097 179 2164 ad
201 2098 430 2186 navigandum,
457 2098 610 2166 onerariis
638 2099 775 2166 navibus
798 2099 945 2187 Corcyra
972 2095 1241 2250 Dprrhachioqus

131 2207 252 2273 squam
274 2185 423 2252 suis·sub
467 2187 592 2262 stabat,
619 2209 722 2274 neque
752 2209 772 2252 a
802 2186 974 2275 proposito
1024 2185 1241 2261 eterrcbetur,
1293 2251 1302 2265 ,

131 2295 251 2360 neque,
262 2284 338 2340 ante
353 2297 426 2363 proe
441 2273 509 2340 ium
523 2274 555 2340 in
570 2273 734 2340 Thessalia
746 2273 870 2340 sactum
884 2272 1064 2362 cognitum,
1079 2285 1139 2338 aut
1151 2271 1242 2360 igno·

131 2359 230 2426 minis
244 2361 432 2428 amissarum
445 2362 588 2443 navium,
611 2373 670 2427 aut
693 2360 904 2428 necessarium
928 2381 1037 2427 rerum
1056 2358 1178 2448 inopis,
1199 2382 1242 2428 ex

131 2460 235 2537 portu
251 2447 420 2536 insulaque
433 2449 553 2537 expelli
568 2450 688 2538 potuit.
1236 2513 1239 2520 .

180 2533 251 2599 101.
275 2533 392 2601 Iisdem
407 2535 475 2600 fere
493 2536 693 2624 temporibus
719 2535 847 2614 Cassius
863 2555 937 2600 cum
958 2531 1059 2598 classe
1083 2534 1242 2622 Syrorum
1355 2567 1358 2577 ·

130 2630 167 2688 et
183 2620 372 2688 Phoenicum
385 2633 419 2688 et
436 2622 576 2688 Cilicum
590 2623 624 2687 in
644 2621 788 2688 Siciliam
807 2620 906 2688 venit.
951 2619 1009 2696 Et,
1033 2641 1135 2706 quum
1156 2633 1242 2688 esset

132 2709 268 2775 casaris
280 2709 386 2775 classis
399 2708 502 2774 divisa
515 2710 549 2776 in
563 2708 643 2775 duos
657 2721 780 2799 partes,
796 2720 832 2774 et
839 2705 977 2774 dimidiae
989 2705 1074 2794 parti
1114 2714 1241 2774 reseret

130 2795 171 2864 Ρ.
197 2795 364 2886 Sulpicius
387 2796 515 2863 Praetor-
535 2796 663 2864 Vibone
686 2796 728 2863 ad
752 2796 887 2871 fretum,
907 2793 1048 2862 dimidie
1110 2793 1238 2860 ‚Pom-
1313 2843 1315 2846 -

133 2990 138 2998 ·
168 2961 202 3010 Is
213 2961 327 3012 mamilia.
360 2959 426 3009 coo.
444 2959 532 3008 Petsr.
546 2960 660 3009 sustollis.
709 2957 758 3007 bus
778 2955 966 3015 humanitatem,
982 2963 1009 3006 et
1027 2955 1053 3006 in
1070 2957 1235 3006 condonando

132 3023 198 3076 Mox
217 3026 295 3076 codd.
314 3024 418 3091 quidam
433 3027 546 3082 &siloes
560 3025 661 3075 dedide-
709 3022 902 3088 indulgentiam,
910 3037 997 3070 omnes
1005 3021 1149 3087 hujusbelli
1156 3021 1237 3086 scrip-

136 3097 208 3142 nost.
443 3088 445 3095 '
709 3096 787 3148 tores,
798 3097 852 3137 tum
862 3096 888 3137 et
897 3085 990 3137 Cicero
1002 3103 1080 3152 sepe,
1094 3086 1239 3152 magnificis

166 3157 259 3221 cosas.
275 3155 327 3204 Hic
338 3157 400 3207 edd.
410 3156 479 3220 vulg.
489 3156 586 3204 addunt
593 3158 662 3205 sisa&
709 3153 797 3204 verbis
808 3154 1001 3204 conlaudatum.
1018 3155 1056 3203 Μ.

135 3225 200 3281 laer,
211 3221 288 3271 male.
303 3223 308 3246 ¹
322 3217 490 3272 Processerst
502 3222 555 3285 jam
574 3224 661 3270 etiam.
745 3221 779 3269 In
785 3221 977 3282 finitcs'or'totes.
995 3217 1167 3283 Marciandp.
1177 3219 1237 3266 sis.-

133 3286 252 3335 Fetsrum
274 3288 307 3336 dc
328 3287 376 3337 heo
406 3301 492 3350 pugna
515 3286 661 3336 Pharsalica
710 3283 799 3334 inserit
808 3286 861 3348 qus'.

134 3351 280 3401 centenurii
289 3359 347 3401 sunt
357 3352 490 3416 Appianas
504 3351 542 3412 (2,
555 3353 661 3401 'lo—88.
745 3351 849 3410 Loelisu,
858 3347 941 3399 cist
949 3347 1114 3413 Pompeianae
1125 3344 1236 3413 prreiuit.
1296 3359 1299 3366 ·

136 3419 327 3481 pasto-4⁷9),
342 3424 370 3465 et
386 3417 535 3467 Plutarchus
550 3415 589 3477 (in
606 3415 662 3464 Θω-
710 3431 736 3464 c.
749 3422 772 3464 5.
790 3417 827 3464 M.
952 3453 954 3457 .

135 3481 198 3532 nris
209 3491 235 3532 et
245 3481 365 3545 Pompeii
373 3481 448 3542 vita),
458 3481 526 3542 ideo,
532 3481 662 3546 quianon·
681 3481 685 3487 '
746 3481 787 3530 Ad
804 3479 979 3540 Bmssdhiuss,
996 3487 1026 3528 ut
1035 3494 1060 3528 c.
1070 3483 1112 3530 40.
1131 3477 1169 3528 sd
1180 3479 1238 3529 Ori*
1246 3487 1256 3498 ”

135 3546 663 3607 nullasddidemnt‚sCsessreomissa,ut
712 3562 772 3596 cum
781 3553 808 3594 et
818 3559 876 3609 cap.
890 3546 1154 3596 losannensem
1278 3565 1287 3586 ·
1348 3542 1351 3552 ’

136 3614 168 3662 de
179 3612 307 3676 Pompeio
317 3613 444 3677 logicum
461 3613 522 3662 item
532 3614 564 3662 de
582 3613 663 3676 lacry-
745 3613 767 3661 A
782 3611 880 3661 Libone.
897 3611 930 3660 Et
941 3611 984 3660 hic
995 3608 1104 3659 havibus
1115 3607 1236 3674 Pompeii

137 3677 189 3728 mis
198 3675 292 3728 Caesari
309 3687 335 3728 et
352 3679 476 3742 Pompeio
493 3686 520 3727 et
535 3677 663 3728 militibus
712 3675 824 3741 prmiuit.
836 3679 910 3724 aas.
927 3677 966 3725 M.

31 3778 38 3790 .
137 3742 250 3805 obortis3
267 3743 300 3792 de
310 3743 419 3803 Canes,
429 3742 474 3808 qui
486 3759 548 3793 suos
554 3745 663 3808 jusserat
749 3743 830 3792 Testes
851 3743 959 3805 napta.
987 3739 1040 3790 vid.
1054 3755 1113 3804 cap.
1133 3743 1171 3788 15.
1196 3739 1236 3789 M.

133 3806 247 3859 hostiurn
269 3824 300 3858 os
320 3817 347 3857 ct
376 3808 470 3858 taciem
498 3808 662 3873 potissimum
712 3806 778 3856 Dein
800 3809 974 3870 humanoque
990 3806 1169 3856 codd-etedd.
1185 3811 1236 3854 vet.

135 3875 281 3924 vulneram.-
305 3873 471 3924 DioCsssius
481 3875 577 3935 (⁴155ss
587 3874 662 3938 “ssis
713 3872 977 3935 Vulgos'amusoque.

136 3937 183 3988 etsi
196 3939 316 4003 proelium
328 3954 378 3988 non
389 3948 507 3989 accurate
518 3938 663 4004 descripsit,
745 3940 888 4001 Comum.
908 3935 933 3985 in
944 3933 1002 3985 aliis
1010 3937 1089 3986 deest.
1146 3973 1150 3979 .

137 4014 219 4054 nmen
231 4019 282 4054 non
293 4004 349 4054 sine
360 4021 435 4054 sensu
444 4005 576 4070 ctjudicio
584 4007 618 4054 de
629 4021 661 4054 eo
747 4005 857 4053 Cassius.
890 4001 1050 4050 Marclandus
1064 4000 1194 4068 premittit
1205 4004 1236 4053 0.

137 4071 238 4120 brutus
254 4077 300 4120 est.
344 4069 475 4120 [nemum
493 4086 553 4119 cum
573 4085 661 4121 omnes
710 4075 809 4118 ulmo.
842 4066 1167 4132 Excidimpuetobseq.
1185 4065 1236 4116 ini·

135 4134 228 4193 norint,
237 4134 369 4186 nominare
384 4151 435 4185 nou
447 4151 513 4200 opus
522 4143 575 4185 est:
601 4150 660 4199 per·
708 4133 804 4184 tialem.
851 4173 854 4186 .

133 4199 200 4258 tinet
209 4208 296 4250 autem
307 4199 359 4252 huc
368 4201 488 4252 carminis
498 4200 565 4251 liber
580 4200 661 4274 septi·
748 4201 849 4250 Vibone.
880 4197 1130 4266 Siccodd.quidam=
1148 4205 1235 4249 recto:

136 4281 200 4326 mos·
230 4264 340 4323 Caeam
358 4266 385 4321 iu
402 4267 580 4322 conservandis
596 4265 661 4319 cui-
709 4264 1073 4345 namsltesolecliohs'toqss
1087 4266 1174 4333 inepta
1190 4272 1239 4326 est,
