2909 4809
448 258 561 343 ‘tra
606 268 710 342 oar.
728 275 874 356 ,arr-ro.
1009 344 1036 354 ,,
1166 277 1233 361 noe

123 466 261 536 “mn
283 460 357 548 quis
371 459 485 530 deinde
497 473 572 551 post
583 464 624 530 L.
639 461 827 540 Lentulum,
841 463 881 530 C.
897 461 1091 532 Marcellum
1102 464 1226 541 Omani

13 565 20 604 r
124 553 148 587 ‘⁶
164 559 263 620 esset:
285 560 392 615 tamen
406 573 441 615 se
455 551 629 616 concedere
651 551 685 618 id
708 551 831 618 factum
850 551 1070 640 superioribus
1088 552 1153 620 suis
1168 553 1224 618 he-

13 910 24 952 ῖ
117 904 143 934 “
156 893 267 962 verulis

121 642 146 674 “
161 631 291 711 neficiis,
311 636 414 702 veteri
436 635 576 727 hospitio
597 639 876 728 atque‘amicitiae,
897 638 1049 726 dignitati
1069 639 1223 726 aetatique

14 739 19 778 .=
120 729 145 761 ‘⁶
158 718 307 798 hominis,
325 724 476 810 precibus
489 747 612 805 eorum,
628 726 687 828 qui
701 725 890 816 frequenter
904 724 1138 810 concurrissent
1152 725 1225 793 hos·

120 816 146 848 “
161 807 246 894 pites
266 821 366 961 alque
388 810 480 877 amici
504 812 653 883 Deiotari
674 812 718 880 ad
740 811 998 902 deprecandum
1028 811 1070 876 de
1093 825 1222 878 contro-

321 897 545 966 etrarcharum
569 913 683 1002 postca
710 923 746 965 se
775 901 983 990 cogniturum
1007 901 1092 964 ease’'
1118 897 1222 964 dixit:

14 1003 17 1041 ι
118 978 260 1066 Regium
282 983 487 1052 vestitumei
509 987 664 1053 restituit.
721 986 898 1076 Legionem
917 997 1039 1062 auteur,
1054 1005 1161 1074 'quam
1180 1007 1223 1052 ax

13 1091 17 1129 ε
117 1089 236 1154 genere
250 1068 369 1135 civium
387 1093 519 1140 suorum
536 1074 711 1142 Deiotarus
725 1086 891 1142 armatura
903 1073 1135 1161 disciplinaque
1145 1095 1222 1150 ,uos-

13 1178 16 1216 :
116 1166 172 1218 tra
192 1155 400 1222 comtitntam
425 1157 579 1236 habebat,
601 1163 848 1249 equitatumque
876 1182 1001 1229 omnem
1028 1158 1071 1226 ad
1098 1159 1220 1230 bellum

14 1272 17 1305 r
115 1241 293 1328 gerendum
305 1241 466 1309 adducere
477 1246 582 1332 jussit.

162 1326 215 1392 69.
240 1329 350 1403 Quum
371 1328 405 1396 in
422 1331 564 1397 Pontum
582 1331 724 1400 venisset
741 1333 916 1424 copiasque
936 1355 1043 1400 omnes
1066 1333 1099 1399 in
1118 1327 1242 1402 unum'

14 1460 16 1467 >
115 1412 224 1480 locum
249 1417 416 1505 coegisset,
438 1437 514 1504 quae
527 1440 661 1484 numero
685 1432 720 1484 at
743 1445 785 1483 ue
806 1421 1035 1488 exercitatione
1057 1420 1221 1488 bellorum

116 1501 292 1569 mediocres
313 1517 419 1581 erant,
444 1503 595 1593 (excepta
614 1504 700 1570 e'nim
719 1441 852 1591 iegione
874 1509 988 1583 sexta„
999 1530 1099 1594 quarn
1112 1529 1222 1574 secum

113 1586 298 1656 adduxerat
313 1589 512 1657 Alexandria
528 1603 723 1670 veteranam,
746 1590 857 1657 multis
871 1590 1037 1660 laboribus
1053 1593 1220 1682 periculis-

112 1698 179 1763 que
193 1675 351 1772 functam,
365 1678 540 1766 multisque
554 1677 711 1745 militibus
726 1679 846 1767 partim
862 1675 1054 1744 difficultate
1069 1679 1221 1747 itinerum

111 1785 151 1828 ac
162 1763 417 1852 navigationum,
430 1765 551 1854 partim
557 1765 734 1832 crebritate
745 1765 906 1832 bellorum
915 1763 997 1846 adeo
1006 1765 1219 1842 deminutam,

113 1861 154 1914 ut
175 1851 279 1917 miuus
296 1852 372 1918 mile
391 1851 556 1918 hominum
576 1852 610 1918 in
629 1875 670 1918 ea
688 1863 788 1928 emet3
816 1851 876 1918 reli
901 1873 951 1918 um
972 1864 1067 1920 erant
1089 1863 1155 1920 tres
1174 1853 1219 1918 le·

114 1934 238 2024 giones‚
260 1961 325 2004 una
339 1939 497 2016 Deiotari,
520 1939 603 2019 dure,
625 1962 698 2026 quoe
711 1938 746 2004 in
760 1962 800 2006 eo
814 1875 943 2028 proelio,
965 1939 1055 2028 quod
1072 1939 1134 2005 Cn.
1151 1940 1219 2007 Do-

82 2091 87 2100 ,
112 2023 242 2090 mitium
265 2025 376 2092 fecisse
396 2049 472 2092 cum
492 2025 657 2092 Pharnace
677 2025 872 2115 scripsimus,
892 2025 1051 2113 fuerant)
1071 2025 1183 2113 legati,
1199 2051 1220 2094 a

116 2109 281 2178 Pharnace
295 2112 392 2192 missi,
410 2113 570 2181 Caesarem
583 2109 706 2178 adeunt
719 2127 824 2200 atque
832 2111 976 2200 inprimis
986 2111 1218 2201 deprecantur,

114 2205 139 2235 “
153 2220 194 2264 ue
207 2198 277 2287 ejus
289 2199 448 2268 adrentus
462 2199 586 2267 hostilis
600 2211 697 2266 esset:
721 2199 885 2266 iacturum
900 2199 983 2266 enirn
998 2200 1104 2265 omnia
1117 2200 1218 2267 Phar·

111 2295 137 2326 “
153 2307 276 2361 necem,
312 2287 528 2376 uaeimperata
538 2289 679 2361 essent;’‘
699 2287 898 2375 maximeque
908 2287 1218 2367 commemorabant,

112 2380 137 2410 “
152 2371 243 2438 nulla
270 2308 468 2442 Pharnacem
491 2374 610 2440 auxilia
634 2386 749 2441 contra
771 2374 931 2442 Gaesarem
959 2372 1112 2461 Pompeio
1135 2374 1217 2441 dare

112 2466 137 2496 “
152 2458 306 2610 poluisse3
336 2485 439 2550 quum
466 2461 651 2538 Deiotarus,
676 2463 735 2548 qui
759 2460 912 2538 dedisset,
940 2471 1047 2528 tamen
1074 2461 1104 2526 ei
1128 2461 1219 2528 satis-

112 2556 136 2587 “
167 2546 312 2614 ecisset.’‘
773 2591 775 2596 .
817 2593 819 2598 -

152 2632 207 2698 70.
233 2634 341 2700 Caesar
363 2635 543 2724 respondit,
569 2646 637 2702 “ae
650 2636 721 2701 fore
745 2632 958 2722 aequissimum
983 2631 1154 2708 Pharnaci,
1177 2634 1218 2712 si,

300 2723 464 2799 liceretur,
481 2734 769 2811 repraesenmturm
784 2724 900 2788 esset.”
946 2719 1078 2785 Monuit
1092 2729 1214 2798 autem,
1321 2777 1323 2780 .

110 2727 135 2758 ί(
175 2743 225 2786 uoe

110 2742 309 2887 urqsolefft
332 2809 466 2876 mitibus
486 2809 591 2876 verbis
610 2809 746 2896 legatos,
770 2816 794 2846 “
806 2829 847 2872 ne
866 2818 924 2872 aut
942 2807 1139 2894 Deiotarum?
1154 2807 1216 2873 sibi

111 2900 136 2932 “
153 2893 342 2984 objicerent,
358 2909 417 2962 aut
432 2896 523 2964 nimis
535 2921 574 2963 eo
589 2895 806 2985 gloriarentur
817 2893 983 2970 beneficio,
1020 2889 1086 2957 uod
1096 2891 1217 2960 auxilia

111 2988 134 3021 “
151 2973 308 3070 Pompeio
318 3006 382 3049 non
393 2980 563 3050 misissent:
587 3005 660 3049 nam
676 3005 709 3048 se
722 3005 828 3070 neque
840 2918 1107 3047 libentiuslacere
1118 2979 1215 3066 quid-

109 3075 136 3109 “
151 3089 261 3156 qnam,
284 3063 609 3160 quam'subplicibus
633 3073 813 3172 ignoscere:
843 3089 948 3155 neque
974 3066 1214 3156 provinciarum

110 3163 134 3193 “
149 3154 297 3242 publicas
311 3157 442 3244 injurias
462 3155 643 3224 condonare
657 3156 694 3221 ris
708 3180 811 3244 posse,
827 3155 884 3242 qui
899 3151 1034 3253 fuissent
1047 3154 1080 3218 in
1095 3176 1128 3218 se
1142 3153 1213 3220 offi-

108 3251 134 3284 “
149 3241 247 3310 ciosiz·
272 3241 307 3310 id
335 3243 453 3332 ipsum,
481 3243 570 3332 quod
600 3253 915 3322 commemorassent,
934 3239 1076 3306 officium
1100 3240 1213 3306 utrhus

106 3489 200 3542 Fuerat
217 3489 286 3540 euim
303 3505 385 3554 nuper
402 3489 497 3554 duplex
513 3488 633 3550 Senatum
719 3489 802 3543 Quam
828 3499 876 3538 reo.
889 3485 1001 3536 'odda-c.
1032 3483 1106 3536 Cous.
1126 3501 1152 3536 c.
1171 3489 1213 3538 88.

106 3571 174 3607 unus
189 3555 258 3619 apud
276 3555 437 3621 Pompeium,
454 3555 518 3605 alter
534 3555 634 3614 Roma,
686 3554 821 3604 cellarino.
1189 3607 1192 3618 Ι

107 3621 308 3672 candavena
326 3623 364 3670 Μ.
718 3619 870 3666 Hominum.
904 3615 1113 3668 alticomum.

145 3687 244 3736 conec.
276 3684 531 3736 Ethiceratcccsar.
549 3685 587 3734 Μ.
718 3685 878 3746 Scepsim.
891 3685 1000 3745 capto.
1016 3681 1052 3730 Μ.

146 3753 245 3802 Tamen
260 3766 294 3802 re.
327 3751 397 3802 Male
415 3749 459 3800 hic
479 3749 635 3815 preponitur
718 3750 871 3812 Remaerma.
898 3745 950 3795 vid.
970 3745 1024 3796 lud.
1047 3745 1084 3792 Μ.
1120 3743 1160 3794 Cl.
1183 3752 1210 3794 et

28 3823 34 3832 '
106 3815 250 3876 rabodum
267 3832 283 3866 e
300 3812 533 3881 praecedentem.
565 3815 632 3865 Doni
683 3809 1190 3873 eune,tt,as.·Phaedrifab.a,a,aa

108 3881 185 3931 codd.
195 3882 324 3932 omittunt.
718 3879 777 3928 Non
788 3875 894 3940 fuissent
907 3873 1025 3937 inrecff.
1058 3874 1209 3924 Particulam

144 3947 342 4009 Sru'sherreficist.
373 3947 634 3997 Aumadelendnm?
684 3949 742 4002 nott,
764 3941 812 3990 etsi
834 3941 908 3990 codd.
929 3947 1035 4000 servant,
1056 3939 1208 4002 superfluam

109 4009 137 4060 Si
152 4013 184 4061 ad
202 4012 349 4062 Deiotarum
368 4011 498 4071 reseratur,
515 4013 547 4060 ad
558 4027 634 4076 quem
685 4023 749 4066 esse,
768 4013 923 4070 agnoverunt
945 4007 1092 4069 interpretes
1105 4019 1210 4079 'omnes-

106 4076 264 4126 referendum
275 4077 577 4142 est,debehatesseq'ue.
596 4079 634 4128 Μ.
686 4071 738 4132 Qui
755 4070 781 4120 in
792 4071 914 4120 Caesarem
932 4069 1060 4121 officiosus
1076 4069 1134 4128 furt,
1149 4069 1176 4118 h.
1186 4085 1211 4118 e.

142 4141 278 4208 hepterem
305 4150 400 4194 mneos.
442 4141 507 4192 Add.
534 4159 593 4194 coss
619 4159 635 4193 e
671 4138 769 4189 ‘nullas
789 4134 876 4200 copias
896 4143 984 4185 contra
1002 4150 1061 4184 eum
1084 4131 1210 4198 Pompeio

105 4209 183 4258 codd.
205 4209 244 4257 Μ.
684 4205 763 4266 misit,
778 4203 803 4252 ei
821 4211 905 4252 tamen
916 4199 1000 4251 Cesar
1014 4199 1156 4250 condonare
1166 4215 1212 4248 ne·

142 4273 433 4327 Cmdaatcmhobehat.
457 4271 499 4328 Cl.
510 4276 584 4328 att.
596 4275 634 4326 Μ.
682 4270 739 4339 quit
756 4269 868 4336 injurias,
886 4264 1137 4381 provinciiquppuli
1155 4265 1210 4315 Ro-
