2909 4809
431 219 520 288 mu.
544 194 591 288 n
634 220 737 288 cnr.
765 189 924 288 11-13.'
1098 265 1103 274 .
1149 171 1239 288 sts'

122 407 304 486 musculum
316 407 506 476 devolvunt.
552 408 659 486 Ictum
683 408 816 476 firmius
836 405 977 477 meris
990 403 1214 490 sustinetis,

121 492 284 585 quidquid
308 493 434 571 incidit,
456 495 585 584 fastigio
608 495 745 564 musculi
761 493 912 566 elabitur.
958 489 997 558 ld
1016 491 1072 557 ubi
1089 491 1214 584 uident,

122 593 252 649 mutant
265 581 450 658 consilium
471 607 582 670 cupas,
610 581 693 649 taeds
716 605 754 648 ec
775 581 847 671 pice
869 580 1015 656 refertos,
1040 577 1216 649 incendunt

123 689 241 756 eosque
256 667 296 734 de
310 693 404 735 muro
419 669 452 734 in
465 669 642 737 musculum
654 668 843 734 devolvunt.
875 665 1033 734 lnvolutse
1045 663 1214 742 labuntur,

124 753 314 843 delspsaesb
325 755 481 822 lateribus
492 755 546 822 lon
571 754 649 822 uriis
660 755 822 842 furcisque
834 754 877 818 sb
888 776 986 842 opere
997 763 1213 824 removentur.

123 838 261 909 Interim
273 840 334 908 sub
350 844 493 910 musculo
516 780 634 910 miltes
646 841 794 909 vectibus
810 839 917 906 infime
935 863 1010 904 sara
1031 837 1131 904 turris
1145 837 1215 906 lios·

123 927 220 1005 tium,
235 928 354 1016 quibus
369 929 578 996 fundamenta
602 927 862 1002 continebantur,
883 925 1079 992 convellunt.
1125 925 1215 992 Mus·
1275 974 1279 988 ,

124 1013 219 1080 culus
233 1038 273 1081 ex
288 1016 373 1082 turri
381 1013 521 1082 lateritia
531 1040 551 1082 e
560 1016 674 1082 uostris
683 1015 756 1080 telis
769 1012 998 1100 tormentisque
1012 1009 1215 1081 defenditur:

124 1099 230 1172 hostes
244 1126 284 1167 ex
296 1126 391 1170 muro
410 1127 449 1168 sc
469 1103 616 1170 turribus
633 1102 885 1170 submoventur:
909 1121 972 1168 non
995 1097 1092 1166 detur
1113 1099 1217 1167 libers

124 1187 210 1252 muri
234 1185 428 1255 defendendi
450 1190 595 1255 facultas.
640 1186 872 1276 Compluribus
897 1185 963 1276 jem
988 1183 1152 1272 lapidibus
1177 1209 1230 1266 ex¹

125 1297 177 1349 es,
199 1298 274 1364 quae
290 1275 435 1353 suberat,
463 1277 548 1343 turri
571 1274 750 1350 subductis,
771 1271 940 1364 repentina
954 1271 1048 1338 ruine
1063 1294 1138 1360 pers
1152 1271 1219 1362 ejus

126 1361 228 1428 turris
242 1361 395 1440 concidit,
409 1387 484 1452 pars
497 1363 620 1452 reliqua
633 1385 827 1448 consequens
842 1355 1087 1450 procumbebat.

173 1447 224 1512 12.
248 1447 333 1514 Tum
347 1449 465 1527 hostes,
480 1450 580 1516 turris
594 1449 761 1538 repentine
773 1447 867 1514 ruina
879 1443 1042 1520 commoti,
1054 1443 1218 1534 inopinato

125 1533 213 1600 melo
226 1535 364 1602 turbati.
397 1537 540 1604 Deorum
557 1536 604 1602 ire
617 1535 769 1626 perculsi,
796 1534 885 1601 urbis
897 1531 1080 1633 direptione
1095 1543 1218 1620 perter·

124 1619 199 1698 riti,
226 1621 359 1688 inermes
381 1648 455 1690 cum
479 1623 589 1690 infulis
609 1648 674 1688 sese
688 1633 786 1712 ports
811 1621 896 1686 foras
918 1617 1057 1685 umversi
1076 1615 1218 1708 proripi·

128 1719 207 1784 unt;
229 1707 273 1777 sd
297 1708 436 1800 legatos
456 1723 554 1798 etque
568 1709 745 1776 exercitum
759 1707 920 1810 subplices
944 1727 1054 1772 manus
1069 1703 1216 1772 tendunt.

131 1793 207 1870 Qua
220 1817 304 1862 nove
317 1819 353 1862 re
368 1797 490 1874 oblate,
506 1796 606 1864 omnis
619 1795 852 1865 administratio
864 1793 944 1860 belli
960 1791 1114 1868 consistit,
1136 1790 1219 1858 mili·

130 1891 257 1970 tesque,
280 1882 384 1948 aversi
398 1907 418 1948 s
431 1883 561 1974 proelio,
580 1884 621 1949 sd
641 1883 782 1948 studium
796 1878 948 1948 audiendi
962 1891 996 1944 et
1009 1875 1221 1967 cognoscendi

126 1965 289 2046 feruntur.
334 1969 405 2034 Ubi
419 1969 578 2037 hostessd
591 1969 729 2058 legatos
741 1967 978 2054 exercitumque
1033 1975 1220 2040 rvenerunt,

124 2053 271 2134 universi
284 2079 317 2120 se
331 2055 373 2122 sd
397 2057 495 2145 pedes
518 2054 712 2147 projiciunt;
735 2067 841 2131 orant,
867 2065 889 2094 “
906 2061 945 2118 nt
1010 2063 1125 2118 ventus
1151 2051 1220 2120 Gre-

131 2149 154 2180 “
171 2140 480 2232 serisexspectetur:
504 2156 630 2234 ceptam
644 2166 731 2209 suem
751 2141 866 2208 urbem
886 2139 1001 2214 videri,
1021 2161 1041 2204 o
1066 2163 1122 2205 ers
1146 2162 1220 2229 per·

133 2237 157 2268 ‘⁴
173 2227 272 2306 fecte,
298 2241 422 2296 turrem
445 2230 636 2306 subrutam
660 2229 770 2317 itsque
793 2252 814 2294 s
838 2224 1020 2294 defensione
1042 2163 1237 2292 iiesistere:¹

97 2324 103 2332 '
133 2325 157 2356 “
173 2313 296 2382 nullam
311 2316 430 2384 exoriri
445 2341 566 2385 moram
577 2341 679 2408 posse,
694 2339 761 2406 quo
776 2316 890 2392 minus,
901 2336 1013 2402 -quum
1025 2312 1174 2389 venisset,
1196 2311 1222 2378 si

132 2410 155 2442 ‘⁴
172 2400 332 2492 imperate
345 2426 409 2471 non
421 2404 574 2482 facerent,
597 2401 638 2470 ad
663 2417 809 2470 nutume
833 2401 969 2490 vestigio
990 2396 1223 2488 diriperentur.

134 2497 157 2530 ‘⁸
174 2487 317 2566 Docent,
342 2491 368 2558 si
389 2493 517 2558 omnino
543 2491 644 2560 turris
669 2488 869 2564 concidisset,
898 2510 961 2554 non
987 2509 1078 2576 posse
1107 2485 1223 2554 milites

135 2585 158 2617 “
174 2575 345 2652 contineri,
369 2577 478 2664 quius
534 2577 651 2668 praedae
668 2579 701 2644 in
716 2577 831 2644 urbem
852 2577 1073 2675 inrumperent
1096 2573 1225 2644 urbem·
1270 2601 1282 2612 ·

137 2669 160 2701 “
200 2685 241 2727 ue
260 2661 439 2731 delerent.”
518 2689 563 2732 aec
583 2678 681 2753 atque
702 2661 842 2754 ejsudem
857 2684 983 2752 generis
995 2659 1175 2750 complure,
1187 2672 1225 2728 ut

134 2747 179 2814 ab
215 2747 373 2851 ominibus
391 2749 506 2828 doctis,
529 2773 733 2842 magnacum
751 2747 970 2827 misericordia
994 2745 1137 2836 fletuque
1151 2768 1224 2838 pro·

134 2847 338 2905 uuncnntur.
601 2905 605 2912 ,

184 2923 234 2988 13.
260 2921 385 3010 Quibus
408 2923 506 2990 'ebus
526 2925 677 2992 commoti
697 2923 812 3016 Legnti
824 2922 941 2990 milites
959 2945 999 2988 ex
1011 2944 1110 3010 opere
1124 2917 1225 2989 dedu·

126 3021 229 3092 eunt,
240 3009 482 3100 obpugnatione
496 3009 666 3088 desistunt,
681 3011 836 3102 operibus
850 3007 1010 3076 custodias
1024 3007 1225 3096 relinquunt.
1297 3059 1299 3064 -

137 3093 347 3164 Inducierum
383 3095 524 3187 quodem
558 3121 674 3188 genere
702 3095 919 3168 misericordie
944 3096 1043 3174 iacto,
1071 3094 1227 3167 adventure

174 3289 317 3349 labem,
331 3290 480 3358 defictigio.
495 3285 534 3340 Μ.
742 3293 805 3344 Cum
814 3291 909 3354 insulis.
925 3291 966 3342 ct
976 3286 1138 3340 recinunt.
1152 3290 1227 3348 1,66.

179 3355 496 3421 reveren-peresus.
529 3356 658 3406 Haeeorn-
706 3355 866 3416 timente.

140 3419 184 3470 nis
208 3419 301 3472 obsunt
322 3421 429 3470 scodd.
460 3420 547 3484 Cujsc.
569 3421 657 3470 Peter.
702 3475 705 3480 ,
741 3419 991 3486 capram-sues.
1013 3413 1226 3469 Sicreetiusedd.

142 3485 250 3538 nonis.
269 3483 344 3536 leid.
359 3485 454 3551 primo,
473 3486 659 3549 quiesceres
707 3493 757 3538 set.
768 3485 884 3538 &micio
891 3483 987 3550 judice.
1004 3483 1183 3550 tanmem

142 3549 264 3615 optimus.
282 3547 357 3600 Voss.
366 3551 464 3602 Lovsn.
473 3565 554 3615 neque
564 3559 658 3600 temere
742 3553 824 3614 Opera
850 3549 992 3611 (machinos
1020 3559 1046 3600 et
1072 3548 1227 3600 munitiones

142 3615 197 3666 fleri
209 3613 303 3680 p'otuit,
317 3624 345 3665 ut
360 3624 411 3666 tem
421 3617 529 3666 multer
562 3612 673 3666 iuribus'
707 3613 1119 3682 ctessrisniexercnusmncts.
1135 3615 1173 3664 Μ.

142 3681 324 3730 omitterentur.
355 3681 390 3730 Et
407 3689 444 3731 est
461 3633 562 3745 aliquid
576 3689 659 3732 moto·
743 3682 790 3744 Spe
814 3679 917 3744 praedae.
958 3680 1040 3730 Ccdd.
1066 3679 1169 3744 quidem
1200 3695 1227 3732 ss

140 3746 217 3809 logie
238 3746 265 3794 in
288 3743 337 3806 his,
353 3749 429 3796 νιὼια
448 3749 578 3810 repentino
594 3763 659 3796 oom-
704 3745 810 3810 pmdae,
829 3745 894 3794 unde
905 3743 993 3794 Heius.
1012 3747 1045 3796 ed
1058 3745 1102 3795 Sil.
1120 3746 1175 3796 ltel.
1188 3745 1225 3795 12.

132 3812 562 3876 ‚mottetinops'notcmoloturbott
574 3809 659 3861 Etiam
709 3814 767 3860 438.
785 3815 811 3860 et
828 3807 894 3859 Oud.
910 3809 1061 3860 arbitrentur
1074 3811 1123 3876 leg.
1142 3825 1168 3862 se
1183 3825 1227 3880 spe

143 3875 279 3941 direptione
291 3878 435 3938 perterritus
445 3875 586 3926 necessario
601 3877 628 3924 h.
640 3877 661 3928 l.
706 3875 809 3940 praedae.
1220 3925 1222 3934 ,

142 3941 200 4000 erit,
211 3951 279 3988 mem
289 3938 442 4004 direptionis
452 3939 598 3992 inminentis
606 3955 662 4007 pet-
745 3939 896 3990 Homerus
914 3938 998 3998 doctis,
1015 3938 1138 3990 iucundis.
1169 3939 1228 3992 Vos-

144 4003 255 4055 territus.
292 4003 341 4053 Est
367 4003 445 4068 igitur
470 4004 603 4067 incertum,
627 4021 661 4057 sn
709 4010 769 4056 circ.
808 4005 842 4056 Et
862 4001 951 4068 quidni
973 4004 1058 4069 alique
1084 4005 1227 4056 Grrecsrunr

143 4069 220 4120 verbs
238 4069 303 4128 luce,
320 4077 346 4118 et
358 4067 558 4132 quidemcarnis
568 4087 599 4124 ac
610 4069 662 4124 sin·
710 4070 841 4121 literarum
849 4069 987 4118 adsuetudo
1006 4069 1084 4134 (med
1099 4071 1228 4132 l‚29)eos
1296 4100 1302 4114 .

131 4137 214 4202 μὴ,
222 4133 398 4188 Commune
413 4135 453 4187 Μ.
709 4135 834 4254 Ιιαειὲἰιιιι
849 4135 1133 4250 ςυὲιιιιῇοιροῐὶνεπίιὲ
1171 4133 1230 4189 cie.

711 4217 760 4267 pro
796 4203 912 4252 scoot.
960 4233 969 4248 .
