2909 4809
255 238 321 314 268
572 245 635 348 Dii
657 243 808 316 BELLO
832 239 989 313 CIVlLl.

260 439 285 472 “
302 421 436 522 vitaqne
494 433 610 502 tiorem
620 437 633 509 ς’
651 432 789 500 doluisse
803 456 848 510 se,
863 427 953 518 quod
970 425 1089 520 Populi
1104 425 1240 497 Romen
1254 425 1357 494 bene·

260 529 283 560 “
300 518 408 586 licimn
429 546 457 588 ss
480 522 492 586 i
518 545 577 612 per
604 520 832 588 coutumeliam
858 519 901 584 ab
928 516 1062 584 inimicis
1089 529 1354 602 extorqueretur,

260 615 284 646 “
299 621 477 696 ereptoque
490 608 634 676 semestri
649 607 798 696 imperio,
820 605 853 671 in
867 605 982 671 urbem
1005 601 1239 677 retraheretur,
1261 601 1355 688 cujus

261 702 284 734 “
300 695 439 761 absentis
449 695 606 762 rationem
616 693 730 761 haberi
743 692 895 783 proximis
901 689 1037 758 comitiis
1048 689 1188 778 Populus
1194 687 1356 778 jussissem

264 787 286 820 “
302 793 409 848 tamen
422 781 504 847 hano
528 783 690 871 jacturam
708 779 838 847 honoris
859 779 908 844 sui
923 776 1124 867 Reipublicoe
1137 791 1246 842 caussa
1259 797 1356 861 aequo

262 874 287 906 “
303 868 410 934 artimo
424 868 553 934 tuffise:
578 890 678 957 quum
699 866 826 932 litteras
837 865 882 932 ad
903 867 1058 940 Senatum
1071 863 1205 939 m'uerit,
1228 873 1267 928 ut
1285 883 1355 942 orn-

263 963 286 993 “
303 977 358 1022 nes
368 955 412 1020 ab
424 954 617 1020 exercitibus
629 952 844 1030 discederent,
859 976 898 1019 ne
913 951 948 1018 id
962 951 1091 1040 quidem
1111 947 1352 1038 impetravisse:

264 1048 287 1080 “
304 1040 374 1108 tota
390 1039 484 1106 ltulin
498 1039 637 1108 dilectus
658 1039 784 1112 haberi,
810 1039 941 1105 retineri
954 1039 1095 1126 legiones
1107 1037 1197 1110 dues,
1214 1058 1297 1122 ,quae
1312 1037 1357 1101 ab

264 1136 288 1166 “
304 1151 338 1192 se
358 1126 561 1194 simulatione
585 1125 729 1192 Parthici
744 1125 823 1192 belli
836 1125 900 1192 sint
914 1125 1084 1193 abductae:
1109 1122 1275 1189 civitatem
1288 1147 1356 1188 esse

265 1221 288 1252 “
304 1213 455 1280 inarmis.
501 1214 648 1290 Quonam
669 1213 736 1282 lucc
764 1213 882 1289 omnia,
909 1211 1029 1298 qisiad
1051 1207 1354 1299 suamperniciem,

266 1307 290 1336 “
305 1297 492 1387 per'tinerel
533 1300 601 1366 Sed
626 1305 734 1366 tamen
760 1300 801 1366 ad
822 1299 927 1366 omnia
941 1324 975 1364 se
996 1297 1190 1365 descendere
1205 1309 1356 1384 paratum

266 1395 289 1424 “
305 1399 404 1474 atque
419 1386 526 1454 omnia
545 1386 614 1475 peti
629 1386 831 1490 Reipublicae
852 1409 972 1452 caussa.
1019 1383 1245 1452 Proficiscatur
1262 1385 1356 1450 Pom·

266 1481 289 1511 “
348 1475 397 1539 ius
410 1473 445 1538 in
465 1497 536 1538 suas
561 1475 758 1562 provinciam
780 1473 854 1562 ipsi·
868 1471 1027 1540 exercitus
1050 1473 1236 1544 dimittaut;
1256 1471 1358 1539 disce·

267 1568 290 1599 “
371 1573 386 1625 t
400 1558 544 1625 initalia
558 1578 666 1626 omnes
679 1563 722 1627 ab
734 1561 850 1634 armis3
873 1573 977 1624 metus
1001 1585 1020 1624 e
1040 1559 1172 1624 civitate
1197 1556 1334 1626 tollatur
1348 1579 1357 1631 ;

266 1655 290 1686 “
305 1647 408 1712 libera
422 1645 552 1712 comitia
563 1659 662 1733 atque
676 1649 779 1714 omnis
800 1644 997 1735 Respublica
1012 1645 1150 1714 Senatui
1165 1643 1358 1734 Populoque

265 1733 454 1798 “Romano
521 1732 698 1800 rmittatur.
747 1733 827 1800 Haec
848 1757 914 1822 quo
935 1731 1060 1798 facilius
1073 1731 1236 1819 certisque
1249 1733 1360 1800 condi-

262 1831 290 1884 .“
308 1819 450 1886 tionibus
486 1828 542 1884 ant
553 1829 588 1881 et
606 1819 820 1908 jurejurando
834 1819 1034 1894 sancientum
1060 1829 1119 1883 aut
1133 1821 1201 1906 ipse
1224 1821 1360 1909 propius

267 1917 290 1948 “
306 1903 451 1982 mordet,
465 1917 523 1970 aut
536 1928 571 1969 se
584 1902 730 1992 patiatur
743 1906 912 1972 accedere:
937 1905 1018 1982 fore,
1041 1904 1092 1970 uti
1116 1927 1176 1994 per
1190 1903 1361 1996 conloquia

266 2005 290 2034 “
306 2016 416 2060 omues
428 1991 655 2058 controversiae
668 2015 740 2058 com
785 1996 940 2058 nantur.”

265 2081 272 2156 l
315 2080 365 2144 10.
389 2078 542 2166 Acceptis
552 2077 720 2154 mandatis,
741 2015 877 2144 bissina
901 2101 975 2143 curn
999 2075 1038 2142 L.
1057 2077 1183 2146 Caesare
1210 2076 1360 2168 Capuam

309 2165 416 2232 rvenit
430 2165 543 2252 ibique
559 2163 717 2230 Consules
733 2164 989 2252 Pompeiumque
1010 2163 1142 2230 invenit.
1194 2161 1362 2229 Postulata

299 2253 404 2318 sesaris
425 2250 602 2316 renunciat.
647 2250 702 2316 Illi
714 2249 896 2316 deliberata
917 2273 953 2315 re
966 2249 1160 2339 respondent
1174 2249 1361 2338 scriptaque

267 2337 399 2402 adeum
410 2335 563 2403 mandata
577 2360 699 2425 percos
710 2336 894 2413 remittunt,
904 2359 1045 2489 quorum
1059 2333 1126 2405 haee
1137 2351 1209 2403 erat
1219 2356 1359 2402 summa:

269 2436 292 2465 “
310 2424 418 2491 Caesar
433 2423 466 2488 iu
482 2422 625 2488 Galliam
640 2436 873 2500 reverteretur,
936 2423 1052 2493 rimino
1066 2421 1251 2500 excederet,
1272 2445 1361 2492 euer-

267 2522 291 2554 “
306 2511 390 2576 citus
402 2509 601 2576 dimitteret:
624 2533 696 2598 quae
710 2511 737 2577 si
751 2510 886 2586 fecisset,
913 2509 1104 2599 Pompeium
1130 2509 1163 2576 in
1192 2509 1363 2599 Hispanias

267 2609 291 2641 “
307 2597 443 2664 iturum.
488 2594 629 2673 Interea,
655 2597 745 2685 quod
768 2595 847 2663 fides
867 2609 950 2664 esset
969 2597 1058 2670 data,
1087 2597 1246 2664 Caessrem
1261 2599 1363 2664 factu-

268 2698 292 2728 “
309 2708 393 2762 rum,
408 2707 482 2771 quse
490 2684 711 2772 polliceretur,
720 2707 786 2750 non
798 2683 1031 2751 intermissuros
1041 2683 1197 2750 Consules
1213 2683 1362 2774 Pompei-

270 2785 293 2816 “
309 2796 429 2860 umque
442 2771 615 2844 dilectus.”

245 2915 248 2920 .
318 2857 368 2923 ll.
390 2858 473 2924 Erat
500 2858 611 2944 iniqua
634 2855 788 2934 conditio,
816 2857 992 2946 postulare,
1018 2868 1057 2923 ut
1081 2857 1197 2924 Cesar.
1214 2855 1364 2923 Arimino

258 2944 440 3012 'excederet
458 2957 556 3032 atque
577 2945 610 3009 in
630 2944 829 3034 provinciam
852 2956 1092 3017 reverteretur;
1113 2943 1123 3008 i
1149 2965 1220 3009 sum
1240 2955 1275 3008 et
1290 2965 1363 3033 pro

270 3031 389 3098 vineias
409 3043 443 3096 et
465 3031 607 3119 legiones
628 3031 745 3097 alienas
768 3045 898 3097 tenere:
924 3030 1100 3098 exercitum
1124 2967 1259 3096 Caesaris
1280 3029 1364 3096 velle

218 3139 221 3144 ·
270 3117 415 3192 dimitti;
436 3117 571 3183 dilectus
582 3115 719 3184 habere:
743 3119 905 3208 polliceri,
917 3144 949 3184 se
963 3118 997 3184 in
1011 3117 1209 3206 provinciam
1219 3118 1363 3191 iturum:

269 3209 387 3294 neque,
412 3218 487 3270 ante
501 3227 597 3292 quem
621 3205 707 3269 diem
733 3206 839 3271 iturus
862 3207 916 3281 sit,
941 3203 1093 3271 definire:
1118 3215 1168 3279 ut,
1183 3205 1209 3270 si
1231 3217 1364 3293 peracto

271 3290 406 3359 Cesaris
418 3291 600 3356 Consulatu
616 3290 787 3394 Pompeius
801 3292 966 3381 profectus
980 3313 1044 3357 non
1055 3301 1148 3367 esset,
1159 3289 1365 3384 nullatamsn

270 3377 426 3446 mendacii
439 3377 594 3467 religione
609 3377 785 3446 obstrictus
798 3379 984 3458 videretur:
1009 3391 1138 3468 tempus
1151 3401 1229 3446 vero
1256 3377 1365 3446 conlo-

271 3639 463 3704 umpuurm
478 3620 609 3703 ,πυ-Μ’
617 3635 697 3699 fuse
713 3635 796 3702 arans·
841 3637 1365 3704 mannum.vurgo‚assnumr.u.uue.

272 3713 333 3756 tute.
878 3705 1023 3756 Belides-cto
1047 3721 1082 3754 se.
1126 3705 1163 3754 Re
1189 3703 1313 3754 omismrn
1340 3702 1365 3752 in

309 3771 400 3836 Erepto
411 3783 472 3820 sen.
484 3771 546 3832 ι’πιρ.
566 3760 641 3815 -viu
657 3767 691 3816 ad
709 3770 734 3827 ⁸,
753 3770 796 3818 ts.
843 3770 918 3844 codd.
935 3778 961 3819 er
982 3769 1047 3834 edd.¹
1059 3777 1109 3820 vet.
1126 3768 1249 3819 Gruterus
1271 3770 1365 3818 netum

272 3835 500 3975 &immac
513 3895 706 3946 mustus.
743 3867 797 3961 sp·
844 3835 1243 3964 'dine‘isiiibiidiiiffl
1263 3897 1364 3948 cessa

245 4017 251 4034 ⁸
275 3977 345 4028 pso.
362 3968 437 4024 nas.
448 3979 475 4027 p.
486 3965 543 4012 aas.
561 3963 618 4012 nr.-
844 3961 886 4013 cr.
899 3969 924 4026 s,
935 3969 976 4013 ⁵4.
995 3967 1032 4014 M.

309 4029 489 4079 ranuaaeu.
507 4026 567 4075 Vid.
580 4033 605 4088 8,
616 4031 657 4075 54.
674 4029 727 4077 Μ.-
878 4030 1011 4092 Pompeius
1025 4030 1092 4094 profi
1111 4037 1255 4081 masm-
1270 4029 1363 4080 Vocant

310 4093 363 4155 Ipsi
370 4093 466 4152 (Cesar
475 4101 502 4140 et
512 4092 662 4156 Pompeius)
678 4095 797 4143 marsitas
846 4095 978 4158 Pompeius
986 4095 1107 4146 intrusam
1115 4093 1364 4146 OudcumGrulero

152 4141 160 4154 ⁸
272 4155 798 4224 Memnoneiscuruiusponrtoto-
845 4167 924 4226 putat.
