2909 4809
374 242 419 253 ”
458 277 547 347 ers.
570 278 635 349 vr.
677 278 781 355 ean.
804 282 901 349 3-7,
1165 282 1225 351 137
1330 228 1338 386 Ἰ

123 464 257 533 auxilie,
267 464 481 542 existimabat,
496 467 714 567 quamipsum
727 466 818 537 bello
837 468 1025 545 heasecan
1047 491 1098 546 ne,
1113 468 1136 535 d
1215 510 1228 525 -

60 593 76 619 0
125 566 208 654 rata
225 554 342 630 salute,
365 567 423 654 aut
444 578 477 619 se
502 578 535 621 m
560 555 730 707 Menalqios
744 555 893 658 abderet,
907 568 966 707 eirlrt
979 568 1227 711 cqrptitursauqqffle·
1356 630 1361 640 ,

125 664 224 792 1cinthii
234 640 921 817 sdopgdffihtbogadrltdlbienudcinmlibvciildss
943 668 1057 805 iirlttit,
1083 685 1243 819 duasque!

127 812 601 917 1ςςίοηεεμ<1οιιιῃρτοίὶοὶκιὶ
622 816 735 904 jubet:
760 817 830 906 ipse
850 841 924 883 cum
937 816 1116 917 legionibus
1130 841 1227 905 expe-

125 900 211 967 ditis
235 924 378 1003 qmnque
404 902 631 1004 milenapros
656 902 882 1006 proliciscitur.
929 902 994 979 llh,
1014 902 1104 967 nulla
1118 915 1229 1005 coacta

126 1010 244 1063 mann,
280 988 344 1053 locs
365 987 513 1075 praesidro
534 988 624 1065 freti,
654 1013 689 1056 m
707 990 802 1058 silvas
815 990 1012 1081 paludesque
1036 988 1229 1079 confugiunt

128 1075 634 1252 wiludgiimpiiiiiiiiipn
660 1185 735 1229 cum
766 1163 805 1227 c.
835 1137 937 1229 rasso
964 1162 1089 1253 ragam
1116 1174 1149 1229 et
1176 1164 1227 1229 n.

132 1249 253 1314 Crasso
266 1250 446 1326 Quaestore,
470 1249 683 1335 celeriterque
697 1250 818 1315 effectis
832 1250 999 1339 pontibus,
1020 1252 1088 1317 adit
1112 1250 1229 1339 tripar·
1337 1262 1341 1270 '

130 1337 210 1411 tito,
225 1335 359 1401 aedificia
379 1338 530 1425 vicosque
551 1334 703 1413 incendit,
731 1360 847 1425 magno
869 1338 994 1425 pecoris
1017 1349 1116 1439 atque
1130 1336 1229 1403 homi-

131 1427 215 1488 num
227 1445 362 1501 numero
378 1424 516 1512 potitur.
562 1423 689 1499 Quibus
701 1423 799 1489 rebus
812 1425 917 1489 coacti
934 1424 1090 1512 Menapn,
1106 1423 1230 1512 legatos

87 1556 92 1577 .
131 1509 178 1574 ad
202 1533 278 1575 eum
301 1510 387 1598 pacis
413 1510 559 1598 petendae
572 1518 680 1575 caussa
699 1510 845 1577 mittunt.
892 1509 963 1587 llle,
991 1509 1156 1577 obsidibus
1178 1535 1229 1577 ac·

131 1596 250 1696 ceptis,
265 1594 405 1664 hostium
415 1621 448 1663 se
463 1596 650 1671 habiturum
663 1619 798 1682 numero
811 1597 989 1672 confirmat,
1004 1598 1030 1662 si
1044 1611 1102 1661 aut
1117 1598 1229 1664 Ambi·

131 1706 261 1771 origem
273 1696 331 1747 aut
345 1684 414 1771 ejus
426 1683 561 1771 legatos,
580 1683 699 1748 finibus
712 1684 776 1749 suis
790 1684 992 1772 recepissent.
1040 1681 1101 1747 His
1115 1682 1229 1748 confir-

132 1770 230 1835 matis
257 1770 366 1846 rebus,
395 1770 577 1837 Commium
603 1771 796 1839 Atrebatem
812 1794 886 1835 cum
914 1770 1063 1857 equitatu
1090 1769 1231 1837 custodis

132 1855 208 1921 loco
221 1856 255 1920 in
271 1856 431 1945 Menapiis
444 1857 617 1945 relinquit;
639 1858 755 1946 ipsein
771 1856 922 1923 Treviros
934 1855 1156 1944 proficiscitur.
1243 1856 1245 1861 ’

155 1942 158 1946 ’
179 1944 211 2005 7.
236 1944 327 2008 Dum
343 1942 409 2009 haec
429 1968 449 2009 a
469 1946 594 2011 Oasare
609 1955 782 2033 geruntur,
808 1942 946 2019 Treuiri,
969 1944 1090 2031 magnis
1113 1944 1231 2010 coactis
1339 1933 1345 1941 ¹

133 2028 301 2117 peditatus
321 2031 550 2118 equitatusque
574 2031 687 2119 copiis,
711 2030 890 2097 Labienum
910 2053 984 2095 oum
1007 2053 1070 2095 una
1091 2025 1231 2117 legione,

132 2140 209 2203 quse
223 2117 257 2181 in
270 2140 384 2205 eorum
395 2115 512 2183 finibus
523 2118 697 2193 hiemabat,
710 2116 832 2183 adoriri
845 2118 1021 2207 parabant:
1042 2116 1172 2203 jamque
1187 2118 1232 2183 ab

134 2226 175 2267 eo
189 2225 254 2268 non
268 2202 396 2292 longius
408 2204 501 2270 bidui
517 2206 569 2271 via
582 2205 731 2281 aberant,
746 2227 848 2291 quum
863 2203 942 2270 duas
958 2202 1077 2270 venisse
1091 2200 1231 2290 legiones

133 2290 229 2353 mimu
245 2290 378 2357 Castris
390 2304 599 2380 cognoscunt
647 2292 762 2358 Positis
777 2292 889 2357 castris
902 2315 921 2356 a
936 2290 1064 2357 milibus
1079 2313 1230 2378 passuum

133 2376 199 2442 XV
215 2376 337 2442 auxilia
352 2378 590 2445 Germanorum
603 2392 789 2468 exspectare
804 2378 1014 2445 constituunt.
1059 2375 1229 2453 labienus,

133 2460 275 2528 hostium
291 2465 424 2565 cognito
439 2466 581 2544 oonsilio,
593 2488 737 2555 sperans,
754 2464 935 2533 temeritate
955 2486 1067 2530 eorum
1090 2462 1159 2529 fore
1173 2462 1230 2528 ali-

133 2570 234 2635 quam
260 2548 435 2617 dimicandi
462 2552 663 2630 facultatem,
725 2552 851 2619 rsesidio
879 2550 1059 2617 cohortium
1087 2548 1231 2636 quinque

134 2634 359 2725 inpedimentis
381 2636 509 2715 relicto,
524 2664 599 2705 cum
614 2640 676 2705 XX
733 2632 919 2703 cohortibus
933 2656 1116 2721 magnoque
1139 2636 1230 2735 equi·
1254 2646 1256 2651 ’

134 2733 208 2786 tatu
236 2732 351 2788 contra
374 2721 499 2787 hostem
522 2724 737 2811 proficiscitur
760 2732 805 2795 et,
831 2718 868 2783 M
898 2742 1027 2807 passum
1054 2720 1230 2788 intermisso
1341 2770 1347 2791 .

195 2810 255 2883 tio,
270 2818 376 2890 castra
390 2808 579 2886 communit,
611 2806 695 2884 Erat
709 2806 793 2871 inter
806 2804 984 2871 Labienum
999 2817 1098 2893 etque
1111 2804 1235 2873 hostem

160 2894 260 2959 rfficili
274 2894 413 2959 transitu
439 2894 558 2959 flumen
583 2893 726 2980 ripisque
766 2892 934 2981 raeruptis:
958 2891 1019 2957 hoc
1042 2916 1148 2982 neque
1164 2892 1232 2984 ipse

137 2982 274 3049 transire
289 2982 322 3046 in
336 2980 443 3055 animo
457 2978 611 3055 habebat,
626 3002 729 3066 neque
743 2915 849 3045 hostes
872 2978 1063 3046 transituros
1077 2980 1234 3047 existima-

136 3068 204 3134 bat.
262 3067 317 3132 Au
341 3068 460 3133 ebatur
483 3064 677 3133 auxiliorum
698 3066 846 3154 quotidie
873 3091 954 3156 spes.
1012 3066 1173 3157 Loquitur
1200 3068 1234 3135 in

136 3153 269 3221 consilio
279 3092 398 3243 palam,
424 3165 446 3197 “
463 3153 612 3241 qnoniam
626 3152 780 3219 Germani
794 3152 1058 3243 adpropinquare
1072 3153 1234 3231 dicantur,

138 3253 161 3282 ‘⁶
175 3266 244 3307 sese
257 3265 330 3306 suas
339 3241 563 3328 exercitusque
576 3241 720 3307 fortunas
731 3240 764 3305 in
779 3238 914 3307 dubium
926 3263 990 3305 non
1000 3240 1235 3307 devocaturum

139 3340 162 3370 ‘⁶
176 3340 211 3395 et
226 3341 357 3417 postero
370 3328 423 3393 die
437 3327 546 3416 prima*
555 3326 628 3393 luce
643 3338 748 3397 eastra
761 3328 958 3392 moturum.”
994 3326 1153 3392 Celeriter
1166 3326 1233 3394 haec

137 3416 179 3481 ad
214 3415 321 3482 hostes
349 3413 552 3492 deferuntur,
577 3426 616 3480 ut
643 3437 683 3479 ex
716 3436 834 3503 magno
864 3412 1036 3479 Gallorum
1072 3413 1235 3503 equitatus

173 3588 331 3639 laxaret(
349 3584 462 3649 Scaliger
470 3592 497 3636 et
513 3584 665 3635 recentiores
712 3592 741 3632 ut
752 3598 812 3633 mox
824 3600 881 3648 cap.
900 3588 940 3635 82.
961 3592 986 3635 et
996 3585 1026 3634 C.
1038 3589 1061 3646 8,
1074 3586 1115 3634 57.
1130 3586 1235 3635 Utrum-

141 3653 321 3703 lccccseudom.
711 3666 761 3713 que
772 3650 871 3699 dicitur.

174 3719 211 3767 Iu
221 3715 591 3781 ampsacliiarampts.
749 3717 1007 3777 Gonfimatimbur,
1033 3714 1186 3775 constitutis,
1207 3725 1235 3765 ut

177 3785 244 3833 Cum
267 3784 408 3832 amaea.
428 3782 553 3845 mameds',
576 3796 664 3829 eorum
714 3780 1016 3830 omnicrectehsberent.
1034 3782 1072 3829 M.

144 3846 207 3899 flues
216 3845 296 3897 adire.
307 3863 383 3910 seque
390 3864 449 3896 curo
459 3846 492 3896 iis
499 3846 663 3909 conjungens:
749 3850 886 3896 Ceremiam
895 3848 1042 3895 Atrebates.
1059 3844 1099 3893 Cl.
1110 3848 1134 3903 4,
1145 3849 1184 3895 21.
1199 3846 1234 3897 M.

142 3921 196 3963 erat
206 3912 277 3961 enim
287 3910 399 3961 Treviris
408 3910 515 3961 amicus.
537 3912 665 3975 Metsphr.
748 3912 890 3961 Hianatar.
900 3910 943 3960 Sic
951 3911 1065 3961 rectiusc
1073 3911 1149 3960 codd.
1157 3926 1234 3975 quam

144 3976 187 4027 Gr.
196 3972 459 4039 ημμιχίιίσωιῖσθιι.
476 3977 514 4024 M.
538 3978 588 4025 Pro
596 3993 664 4040 eoqc·
713 3976 789 4041 vulgo
800 3978 958 4025 histrionem.
996 3982 1009 3999 ‘¹

145 4050 220 4093 rerer
229 4041 326 4090 Gudios
337 4042 448 4091 malebat
464 4050 603 4101 conaretur,
621 4042 665 4089 sed
748 4044 768 4090 A
780 4042 877 4090 callibus
886 4057 913 4103 p.
930 4040 971 4090 Sic
983 4048 1009 4090 et
1021 4044 1045 4101 4,
1057 4046 1098 4091 22.

146 4111 202 4171 copi
230 4106 288 4157 heic
314 4122 346 4156 eo
374 4122 449 4155 sensu
476 4106 587 4170 ponitur,
613 4122 664 4168 quo
748 4107 782 4155 In
791 4108 897 4155 musitio.
916 4104 1240 4165 Vulgoincoacils'oMsle,

143 4177 168 4221 ὅ.
185 4176 227 4220 49.
362 4168 366 4175 “
748 4172 882 4221 Dicentur.
898 4170 944 4219 alii
954 4170 1080 4222 duamur.

181 4237 478 4304 Adittn‘pcstbenesic,
489 4238 524 4287 al.
536 4240 607 4289 odiit.
751 4237 806 4285 Non
816 4236 997 4297 slecoootmt-m.
1016 4236 1057 4287 Sic
1069 4238 1182 4305 allisp.
1193 4244 1233 4289 al.

183 4305 300 4355 Hostium
316 4320 428 4370 matesc.
445 4302 492 4355 elii
508 4307 535 4354 in
554 4319 665 4363 summa,
714 4300 1050 4361 Cons.1>haedr.ssb.1,so.

386 4367 399 4402 1
652 4433 656 4441 .
747 4368 887 4432 aquantur.
907 4368 1070 4433 stequtsm.
1099 4434 1102 4444 Ι
