2909 4809
376 214 379 223 ’
456 251 545 324 mn.
566 251 615 322 11.
658 253 761 368 cer.
788 255 925 322 lt-tu
1167 257 1235 328 -321

134 440 314 532 peracelnc
327 441 557 510 violatiesuam
579 445 738 511 virtutem
754 445 865 510 inrisui
892 445 961 510 fore
987 445 1235 534 perdoluerunt,

135 529 241 616 quod,
256 531 343 597 unde
357 554 458 620 agger
473 533 601 598 omnino
627 532 816 620 conportari
836 546 955 621 posset,
977 531 1056 597 nihil
1078 549 1148 600 erat
1162 538 1236 602 reli·
1289 591 1295 610 ,

136 639 256 718 quum:
278 617 428 685 omnibus
452 618 626 684 arboribus
651 618 749 706 longe
773 620 902 706 lateque
929 619 962 684 in
985 613 1101 684 finibus
1124 622 1236 689 Maesi-

133 701 281 770 heneium
294 704 407 772 excieie
428 716 464 770 et
478 704 650 782 convectis,
678 716 702 746 ⁴‘
717 729 871 794 aggerem
894 706 968 770 novi
991 708 1117 794 generis
1135 723 1236 797 etque

92 797 98 802 ”
134 799 158 835 ⁸‘
173 790 357 858 inauditum
371 804 411 857 etr
426 791 574 857 lateritiis
588 792 716 857 duobua
730 793 843 867 muria,
870 815 981 858 senum
996 793 1114 880 pedum
1127 798 1236 862 craesi·

133 886 157 920 ‘⁶
173 877 300 955 tudine,
314 891 415 966 atque
431 901 543 944 eorum
554 901 722 944 murorum
736 879 1008 968 contignationem
1022 879 1127 946 facere
1147 883 1235 948 insti-

133 975 158 1006 “
174 955 323 1041 merum,
345 987 438 1052 reque
464 965 533 1030 fere
558 965 743 1040 latitudine,
767 979 867 1052 atque
889 966 944 1030 ille
971 967 1178 1054 congestitiue
1194 990 1234 1036 ex

132 1061 158 1096 ⁴‘
173 1052 310 1117 materia
330 1052 438 1118 fuerat
460 1074 572 1152 agger.
618 1051 689 1118 Ubi
703 1063 762 1116 aut
776 1053 918 1141 epatium
940 1053 1025 1118 inter
1039 1077 1160 1130 muron,
1175 1071 1235 1122 aut

132 1149 157 1182 ‘⁴
172 1137 369 1205 inbecillitas
381 1151 523 1204 muterrae
538 1139 703 1227 postulare
718 1138 899 1216 videretur,
930 1139 1005 1228 pilae
1021 1141 1233 1230 interponun-

132 1237 157 1266 “
171 1237 241 1301 tur,
262 1224 493 1292 transversaria
515 1225 540 1290 ti
566 1249 607 1292 na
626 1224 828 1314 injiciuntur,
852 1249 925 1313 quae
948 1225 1147 1294 firmamento
1168 1253 1233 1296 eeae

131 1323 156 1356 ‘⁶
172 1311 316 1399 poeeint:
340 1325 386 1392 et,
399 1251 621 1399 quidquilest
641 1312 877 1402 contignatum
902 1314 1046 1379 cratibus
1061 1317 1235 1384 consterni-

132 1411 156 1442 “
172 1411 229 1464 tur
243 1410 414 1486 cratesque
427 1399 500 1464 luto
514 1399 738 1552 intffiunturss'
784 1400 855 1466 Sub
871 1413 957 1466 tecto
973 1401 1075 1476 miles,
1100 1401 1234 1469 dextera

130 1469 312 1552 acsinietrn
324 1493 419 1552 muro
434 1499 550 1566 tectura,
607 1510 715 1552 versuo
739 1485 844 1575 plutei
862 1488 1005 1575 objectu,
1032 1487 1124 1576 operi
1146 1514 1234 1579 quae-

96 1624 99 1627 -
130 1594 270 1659 cumque
294 1573 367 1639 ueni
394 1587 483 1648 eunt,
508 1572 576 1639 eine
600 1573 745 1662 periculo
768 1574 951 1661 subportat.
999 1574 1160 1641 Celeriter
1178 1599 1229 1643 rec

130 1659 395 1728 edminietratur:
417 1658 564 1726 diuturni
590 1659 712 1726 laboris
733 1659 961 1724 detrimentum
975 1660 1105 1725 solertia
1118 1674 1152 1726 et
1166 1665 1233 1728 vir..

130 1759 205 1814 tute
224 1746 475 1849 militumubrevi
489 1747 755 1849 reconcinneturf
779 1757 893 1834 portae,
917 1745 1037 1832 quibue
1051 1745 1129 1812 locis
1144 1749 1233 1816 vide·

129 1833 946 2005 tulliirtlllilrilimirliiuliztlgnilirllrirerlllqllaulltiliiae
975 1918 1034 1984 diu
1064 1917 1232 2010 longoque

130 2006 340 2097 epctiorelici
352 2029 417 2074 non
430 2029 523 2095 poeee
537 2019 728 2097 sperassent,
741 2054 745 2068 .
787 2027 923 2072 ucorum
944 2003 1071 2071 dierum
1082 2029 1183 2106 opera
1197 2019 1232 2072 et

127 2091 243 2160 lubere
255 2093 302 2159 ita
314 2094 450 2170 refecta,
476 2108 515 2160 nt
534 2094 644 2160 nullus
700 2093 740 2159 rfi
765 2094 802 2158 iae
824 2115 928 2181 neque
957 2092 1122 2181 eruptioni
1143 2093 1232 2158 loeue

130 2193 225 2256 emet,
250 2203 357 2268 neque
381 2182 560 2282 quidquem
583 2202 713 2248 ommno
740 2179 992 2268 relinqueretur,
1021 2202 1086 2266 quo
1113 2191 1171 2244 cut
1197 2181 1232 2245 vi

128 2267 300 2344 militibua,
313 2279 372 2334 ent
385 2267 452 2357 igni
464 2269 617 2356 operibus
631 2267 742 2357 noceri
755 2279 878 2368 possen
895 2265 1071 2353 eodemque
1081 2267 1230 2355 exemplo

127 2354 285 2430 mutiunt,
309 2366 412 2420 totam
426 2355 553 2432 urbem,
569 2378 635 2443 qua
657 2355 701 2420 eit
714 2355 821 2420 aditus
842 2355 885 2419 ab
896 2367 1001 2441 terra,
1023 2375 1118 2418 muro
1134 2355 1233 2419 turri·

128 2439 256 2542 busque
269 2441 433 2508 circumiri
445 2465 548 2530 poeee,
572 2443 629 2518 sic,
654 2454 693 2506 ut
706 2440 784 2530 ipeie
796 2439 989 2514 consistendi
1004 2439 1037 2504 in
1051 2439 1117 2504 euie
1129 2441 1232 2505 muni-

127 2526 275 2594 tiombne
288 2527 379 2594 locue
392 2551 458 2595 non
469 2541 562 2604 emet,
576 2552 681 2679 guum
695 2551 786 2617 paene
809 2527 999 2592 inaedificata
1025 2527 1057 2590 in
1073 2526 1173 2590 muris
1186 2527 1230 2594 eb

127 2615 276 2681 exercitu
287 2628 399 2682 nostro
412 2615 528 2681 moenia
541 2617 576 2680 vi
599 2627 733 2680 crentur
746 2638 784 2678 ac
797 2613 862 2677 tela
873 2636 968 2678 manu
980 2612 1229 2700 conjicerentur,

128 2723 326 2790 enorumque
341 2715 579 2780 tormentorum
593 2725 697 2776 usum,
721 2699 841 2786 quibus
857 2698 918 2787 ipsi
942 2720 1059 2784 magne
1073 2699 1230 2800 speravis-

127 2801 212 2866 aent,
237 2790 344 2878 apetio
391 2789 486 2877 ropin
510 2788 621 2853 uitatis
650 2787 802 2859 interire;
828 2785 965 2874 parique
988 2781 1171 2850 conditione
1185 2807 1229 2854 ex

128 2897 225 2942 muro
237 2899 276 2942 ac
290 2813 438 2941 turrilrns
457 2811 598 2941 bellandi
620 2873 710 2950 datu,
733 2872 858 2939 virtute
873 2895 905 2936 ee
920 2869 1036 2935 nostrie
1056 2871 1226 2958 adaequere

166 3087 320 3140 Mttudim
353 3089 443 3140 Plures
460 3089 557 3139 malunt
566 3091 656 3139 eltitrc-
702 3087 824 3135 docuerat
832 3082 967 3134 cellerius.
1000 3083 1026 3134 Si
1044 3101 1103 3149 ergo
1121 3089 1226 3138 ruinosa

130 3151 199 3204 ctae
214 3155 255 3203 Μ.
699 3153 876 3201 reconclnnnre
892 3149 992 3210 elicitum
1009 3149 1062 3198 dici
1078 3149 1157 3199 etiem
1179 3168 1226 3214 po-

165 3221 341 3285 Ccnqcetr‘te'tc.
358 3217 653 3270 SicOud.beneeco‹ld.
701 3224 750 3264 teet
769 3217 947 3266 detrimentum
965 3218 1145 3273 rmonnrmcrr',
1164 3215 1225 3279 quie

132 3281 219 3348 Vulgo
229 3293 365 3350 conqectaee.
701 3280 882 3330 detrimentum
902 3279 928 3328 h.
948 3280 965 3328 l.
981 3287 1020 3327 eet
1035 3279 1226 3340 detrimentum,

166 3351 219 3398 Aut
244 3353 364 3414 spectem
395 3349 539 3413 [agebatur
559 3352 653 3404 autern,
700 3345 773 3394 ruina
783 3353 918 3408 acceptum
929 3345 992 3403 (den
1004 3345 1118 3392 Setaea»
1127 3343 1227 3394 cutber-
1308 3347 1310 3352 “

131 3415 178 3464 aed
188 3431 205 3463 e
215 3416 292 3463 codd.
302 3426 328 3464 et
338 3416 394 3464 edd.
408 3425 459 3463 vet.
468 3411 653 3464 emendandum
699 3413 780 3467 aem).
797 3411 835 3458 Μ.
869 3410 935 3458 Sccl.
948 3409 1000 3472 jem
1013 3407 1092 3456 habet
1101 3413 1227 3459 reconem

128 3479 349 3530 coniectantes.
364 3478 561 3530 ContexitOud.
700 3483 786 3526 nanc.
813 3475 843 3521 'rt
858 3475 1034 3523 reconcilletur
1049 3473 1225 3537 metaphoram

162 3545 241 3594 um
259 3551 344 3594 tecum
379 3544 409 3592 'ra'
428 3553 505 3594 tectus
522 3543 653 3592 abundate
701 3537 955 3591 hebetabamicitia.
1202 3559 1222 3570 ‹-

122 3609 221 3659 ·etntoit
231 3609 369 3660 Marclaod.
395 3613 470 3660 .268.
488 3610 581 3658 Verum
590 3620 653 3656 con·
736 3606 806 3660 Quod
815 3606 868 3652 ubi.
878 3604 951 3654 Leid.
962 3608 987 3651 2.
1006 3605 1056 3652 Sed
1063 3606 1113 3654 ubi.
1127 3602 1222 3656 Verum

128 3673 298 3724 centientiboe
318 3627 395 3725 coddP
418 3672 574 3724 abnndantia
601 3686 652 3721 non
699 3672 765 3736 φωιὶ
782 3683 959 3732 nonnunquam
982 3669 1088 3717 eandem
1104 3666 1156 3718 vim
1177 3669 1225 3720 ha.

129 3746 216 3789 nocct.
248 3740 298 3788 Pro
314 3741 361 3789 ereb
378 3747 443 3790 tecto
458 3740 505 3791 alii
522 3740 653 3796 necato,
700 3733 1089 3795 bet,utnotatMenut.edh.l.

131 3804 202 3869 quod
215 3803 426 3867 pleeetGrutero.
734 3801 951 3849 retroacte-ra.
983 3797 1053 3848 Male
1064 3808 1123 3863 poet
1139 3799 1225 3850 oditur

164 3869 300 3929 Auem,
315 3869 430 3920 attente.
447 3871 485 3919 M.
699 3865 799 3929 virgula
808 3865 913 3913 locatur.

164 3934 372 3984 meatur.
462 3944 487 3982 te
502 3935 564 3995 hoc,
581 3930 654 3996 quie·
736 3933 881 3980 Circumirr'.
898 3929 940 3978 Sic
951 3929 1028 3977 codd.
1049 3927 1160 3978 Aetedd.
1171 3939 1223 3983 vet.

130 3997 191 4063 quie
201 3998 287 4059 luerit,
297 3999 410 4064 reposuit
440 4015 467 4048 ro
478 3998 570 4048 vitione
578 3997 653 4047 codi-
698 3997 883 4054 commeate,
896 3994 965 4057 quod
975 3993 1072 4056 recepit
1082 3993 1182 4044 Clarke.

130 4077 190 4112 cun
201 4065 653 4128 omnicmlectione,quaeeetrecon·
735 4059 1089 4119 haematite-menta.
1122 4059 1222 4111 Moenie

129 4130 243 4180 ellium
272 4129 338 4180 Nam
348 4127 653 4181 reconcumareinoedifl·
701 4125 811 4174 hostium
829 4125 938 4173 lateritio
959 4127 996 4184 (c.
1022 4125 1063 4183 15)
1084 4123 1119 4173 ita
1140 4141 1220 4190 prope

130 4194 213 4244 undo
237 4194 299 4258 poni
345 4211 372 4245 ro
401 4194 529 4253 reecrcire,
548 4193 652 4242 relicere
700 4205 786 4240 muron
824 4189 894 4238 urbie
929 4188 1096 4239 Massiliensis
1128 4198 1223 4240 structe

130 4260 262 4326 conloca,
270 4275 303 4311 ex
312 4211 369 4312 (lic.
378 4261 411 4312 ad
421 4259 473 4319 Qu.
482 4259 556 4319 Fue,
566 4261 590 4307 6.
598 4258 651 4322 jam
700 4254 934 4316 eructuantem
943 4263 1078 4319 tangerent.
1096 4255 1133 4303 Μ.

1071 4331 1093 4383 Υ
