2909 4809
498 293 595 363 ara.
641 295 910 364 caret-:m
977 309 982 318 ·
1107 291 1109 298 ·
1163 295 1261 384 ¹aas

155 504 235 549 aem
248 481 383 559 ferrent,
403 491 443 548 ut
461 483 587 574 oppido
600 483 794 551 excederent
817 484 914 572 idque
937 483 998 550 sibi
1013 507 1151 552 vacuum
1165 496 1267 552 trans·

159 569 276 636 darent
289 569 567 659 conditionemque
578 573 811 660 repudiassent,
825 585 937 660 postea
950 573 992 640 ab
1007 572 1051 638 eis
1063 572 1151 660 capti
1166 573 1265 638 inter·

160 657 238 724 fecti
262 681 302 722 ue
315 671 393 723 sunt
406 681 524 724 omnes.
559 659 637 726 lude
651 659 827 747 progressi,
841 681 937 748 agros
950 659 1134 748 oppidaque
1149 681 1266 724 vexare

153 766 227 811 -non
239 681 410 811 desistunt.
457 746 583 821 Quibus
596 747 692 813 rebus
710 745 859 848 cognitis,
881 746 903 811 J
905 746 982 822 uba,
1004 768 1107 833 quum
1117 745 1185 832 jam
1200 767 1265 812 uon

162 831 260 919 longe
271 832 314 897 ab
327 832 480 934 Scipione
490 845 590 920 atque
601 833 671 922 ejus
682 832 830 900 Ducibus
841 833 976 909 abesset,
987 833 1076 921 capit
1086 831 1266 909 nomiliam,

160 918 261 985 satius
275 943 354 996 esse,
375 918 437 985 sibi
451 944 575 1008 auoque
590 920 707 1022 Regno
719 918 862 985 subsidio
882 919 942 996 ire,
964 942 1072 1007 quam,
1094 919 1173 986 dum
1188 918 1267 984 alios

162 1005 337 1094 adjuturus
355 1005 626 1095 proficisceretur,
647 1031 658 1072 1
739 1030 796 1072 ruo
813 1005 930 1095 Regno
943 1006 1108 1094 expulsus,
1131 1004 1266 1072 forsitan

162 1106 303 1195 utraque
316 1117 365 1168 ‘re
391 1117 432 1158 ex
474 1094 619 1160 lleretur.
682 1106 782 1180 teque
808 1116 919 1158 rursus
944 1118 978 1159 se
998 1092 1062 1160 reci
1106 1115 1141 1159 re
1164 1105 1266 1179 atque

162 1180 283 1246 auxilia
298 1180 395 1263 etiam
408 1205 428 1246 a
468 1181 619 1269 Scipione
638 1179 789 1256 abduxit,
804 1179 864 1245 sibi
881 1180 1011 1267 suisque
1032 1204 1067 1245 re
1142 1179 1266 1256 timens,

160 1266 404 1418 elephantisque
430 1268 567 1356 triginta
592 1268 725 1343 relictis,
752 1267 817 1332 suis
839 1265 955 1334 finibus
978 1266 1170 1355 oppidisque
1191 1265 1267 1332 sub·

163 1367 267 1442 petras
281 1377 344 1442 pro
357 1368 447 1419 ectus
460 1366 519 1419 est.
763 1411 765 1416 ,
1158 1409 1160 1414 .
1208 1421 1219 1432 ,

207 1441 261 1506 26.
286 1442 394 1508 Caesar
409 1441 551 1516 interim,
565 1463 668 1526 quum
680 1439 722 1506 de
734 1464 795 1507 suo
810 1439 954 1506 adventu
968 1439 1131 1522 dubitatio
1147 1439 1180 1506 in
1192 1463 1268 1528 pro·

165 1527 270 1594 vincia
293 1541 387 1604 esset,
408 1551 513 1615 neque
536 1527 706 1615 quisquam
730 1527 887 1602 crederet,
911 1527 1028 1614 ipsum,
1049 1527 1105 1593 sed
1127 1527 1269 1613 aliquem

164 1614 325 1704 Legatum
347 1639 422 1680 cum
444 1615 544 1703 copiis
566 1615 601 1680 in
621 1613 767 1680 Africam
786 1614 920 1688 venisse,
940 1613 1128 1700 conscriptis
1151 1613 1270 1698 litteris

164 1701 287 1782 circum
301 1703 512 1790 provinciam,
524 1724 643 1769 omnes
658 1701 806 1767 civitates
820 1701 897 1766 facit
916 1698 958 1765 de
969 1707 1031 1775 'suo
1045 1699 1189 1767 adventu
1202 1723 1270 1766 cer·

164 1789 274 1864 tiores.
319 1789 454 1856 Interim
474 1788 595 1855 nobiles
613 1786 754 1854 homines
769 1811 809 1852 ex
822 1787 887 1852 suis
906 1785 1032 1876 oppidis
1047 1787 1143 1875 profu
1167 1797 1270 1853 creet

148 1877 197 1948 in
210 1889 315 1944 castra
326 1875 461 1942 Cereris
471 1875 622 1941 devenire
634 1886 667 1941 et
677 1875 719 1942 de
731 1874 989 1941 adversariorum
999 1874 1067 1962 ejus
1077 1811 1270 1940 crudelitate
1340 1917 1341 1920 =

163 1965 406 2051 acerbitateque
441 1983 690 2028 commemorare
725 1974 905 2049 coeperunt.
952 1961 1100 2037 Quorum
1132 1960 1272 2026 lacrimis

146 2108 150 2119 .
164 2051 370 2151 querelisque
387 2051 495 2116 Caesar
515 2062 705 2124 commotus,
726 2071 829 2134 quum
845 2059 940 2113 antea
953 2047 1145 2114 constitisset
1159 2047 1192 2114 in
1205 2059 1269 2113 sta-

165 2139 242 2204 tivis
267 2138 392 2215 castris,
424 2147 540 2203 aestate
561 2136 653 2211 inita,
681 2135 804 2202 cunctis
831 2135 930 2222 copiis
960 2133 1149 2222 auxiliisque
1178 2135 1270 2212 actis,

166 2225 292 2292 bellum
313 2248 387 2290 cum
400 2224 590 2290 adversariis
603 2224 667 2288 suis
689 2245 803 2312 gerere
818 2221 980 2296 instituit„
991 2221 1174 2308 litterisque
1189 2221 1272 2288 cele-

164 2312 248 2378 riter
271 2313 305 2381 in
320 2310 464 2378 Siciliam
488 2310 531 2376 ad
548 2310 714 2376 Allienum
737 2308 965 2388 etRabirium
990 2306 1271 2390 Postumumfcou·

28 2474 32 2492 Ι
55 2450 60 2456 .
164 2400 295 2490 ¹seriptis
321 2415 355 2464 et
375 2421 436 2487 per
461 2411 667 2487 catascopum
691 2397 803 2473 missis,
829 2408 850 2438 ‘⁶
866 2408 904 2462 ut
926 2396 992 2462 sine
1014 2419 1105 2462 mora
1125 2406 1185 2480 aut
1205 2394 1274 2462 ulla

168 2487 411 2553 “excusatione
433 2484 545 2552 biemia
559 2497 794 2572 ventorumque
817 2507 915 2572 quam
938 2483 1102 2551 celerrime
1115 2482 1275 2548 exercitus

150 2583 192 2616 '⁶‘
208 2574 268 2641 sibi
283 2585 578 2662 transportaretur:
603 2572 750 2637 Africam
770 2570 969 2659 prouinciam
986 2569 1094 2658 perire
1114 2567 1274 2634 funditus-

171 2716 296 2766 Alo-39.
323 2713 440 2762 Sedbeie
450 2711 570 2776 sequendi
581 2710 698 2761 meliores
747 2705 1274 2771 braniamalitlococit.eG.8,'l.oqer-ot

170 2781 246 2830 codd.
257 2795 316 2830 cum
326 2778 473 2829 auctoribus
483 2777 587 2828 Grecis.
748 2773 1007 2824 loconiodduomt.
1267 2801 1277 2820 t

177 2898 181 2906 ,
207 2845 619 2909 carlummannum,
652 2838 698 2890 Vi·
783 2839 985 2902 Liuertsqmcet.
1013 2835 1292 2900 mtendumeatqm„

170 2913 216 2962 det
230 2910 332 2973 quidem
354 2924 405 2958 unu
434 2909 532 2972 uisque,
549 2908 604 2956 hec
621 2905 700 2955 rerba
751 2903 900 2953 Debilieno
919 2902 1024 2952 atet.
1057 2899 1096 2950 De
1115 2899 1233 2961 Rabirio,
1248 2915 1273 2950 c.

171 2973 410 3039 deoppidanisinte
431 2975 523 3036 igenda
533 2988 605 3033 esee3
622 2970 702 3034 scrip·
751 2973 777 3019 8.
789 2971 827 3018 Μ.
860 2967 1011 3018 Eueliticam
1022 2965 1089 3015 delet
1098 2965 1197 3015 Clarke.

172 3051 215 3092 tor
224 3049 308 3090 tamen
320 3055 371 3089 non
382 3048 421 3088 eat
431 3039 548 3102 diligens,
557 3037 638 3101 quiin
649 3052 701 3086 nna
732 3065 735 3072 .
784 3033 1075 3098 Garamantum
1088 3029 1273 3096 putoeaseho·

172 3108 313 3169 eodemque
335 3105 441 3170 periodo
462 3105 494 3153 de
514 3103 620 3152 diversis
641 3102 702 3152 sub·
750 3099 846 3150 minem
872 3099 1056 3164 speculatorem
1082 3104 1109 3146 et
1130 3097 1275 3160 explorato-

168 3171 256 3237 jeetir,
271 3179 299 3220 ut
309 3171 405 3220 scholae
417 3170 563 3234 loquuntur,
573 3175 701 3230 tamquam
749 3181 818 3224 rem,·
834 3166 877 3214 sed
888 3163 1015 3229 navigium
1027 3161 1233 3226 speculatorium,
1246 3167 1275 3208 nt

145 3240 149 3250 '
173 3239 269 3286 deuno
281 3237 422 3299 eodemque
435 3235 532 3294 scribit,
547 3249 593 3282 neo
610 3233 702 3282 diserte
741 3227 1089 3289 remuneraretur.
1122 3226 1180 3274 Non
1197 3226 1274 3274 ruodo

173 3299 378 3368 significatquid
395 3300 427 3349 de
438 3299 630 3364 quoqnedicat.
645 3299 685 3347 Μ.
746 3294 818 3344 enim
835 3294 932 3344 Gellius
946 3291 990 3356 (N.
1002 3295 1032 3342 Α.
1047 3292 1140 3352 10,96)
1156 3290 1274 3340 interna·

209 3370 294 3418 Satius
303 3383 362 3424 em,
374 3374 425 3414 etc.
459 3365 535 3414 Melit
545 3363 613 3412 Oud.
624 3366 702 3413 eostur
749 3359 876 3423 vigiorum
884 3375 974 3423 genera
981 3356 1274 3420 nominatoototeopr'um,

172 3433 290 3492 metet,
301 3447 344 3482 raro
358 3433 443 3495 Reque
452 3454 495 3476 —.
749 3424 819 3488 quod
830 3433 874 3473 aut
884 3425 951 3474 nihil
961 3424 1045 3474 differt
1062 3436 1078 3469 a
1088 3429 1222 3506 catasoopo,
1231 3427 1277 3470 ant

213 3500 323 3560 Utroque
334 3513 371 3554 re,
387 3504 413 3544 et
432 3496 522 3569 Regno
538 3509 594 3554 ruo,
611 3501 637 3542 et
654 3493 702 3544 ob·
750 3491 825 3549 adeo,
851 3489 873 3538 si
894 3489 982 3540 Graes
1009 3487 1080 3550 origo
1107 3485 1276 3549 (mum)

174 3557 613 3630 portunitateauxiliialirslerendi.
631 3559 670 3608 Μ.
752 3563 887 3618 spectetur,
908 3554 934 3604 in
952 3561 1111 3616 catascopus»
1127 3551 1274 3600 mutandum

211 3631 334 3691 Recipere·
379 3625 420 3674 Sic
444 3624 507 3674 boni
528 3624 605 3673 codd.
623 3633 650 3673 et
669 3639 701 3672 er
751 3626 800 3681 est3
830 3621 873 3668 sed
896 3629 922 3669 et
942 3618 1053 3672 isidorus
1072 3614 1156 3679 (Orig.
1180 3618 1217 3664 19.
1241 3605 1275 3676 ll,

176 3710 248 3745 more
259 3691 344 3741 Hirtii.
367 3689 493 3739 castr.
512 3689 596 3754 Vulgo
606 3695 704 3754 recepit.
753 3685 838 3748 Sroso,
861 3684 953 3749 inquit,
977 3699 1036 3750 quoe
1058 3682 1211 3741 rechma,
1227 3695 1277 3730 na-
1301 3687 1308 3712 Ι

212 3761 368 3810 omrem.
394 3755 704 3804 Aliietorecortetr'tuirret.
750 3754 847 3816 atpium
871 3755 917 3809 eat}
941 3751 1007 3816 qrrnd
1031 3748 1121 3797 latina
1141 3747 1276 3809 moto·
1352 3747 1362 3772 '

88 3814 92 3823 ’
155 3823 281 3890 ·'Lipsius
300 3821 461 3887 conjectabat
481 3823 594 3876 actitare
615 3823 704 3870 comfi-
750 3818 819 3864 rium
841 3815 942 3864 dieitur.
976 3815 1051 3862 Hunc
1074 3809 1166 3860 Isidori
1188 3810 1275 3860 locum

175 3894 268 3942 tuimet.
751 3879 834 3928 debeo
844 3878 982 3932 Circeouio
1000 3879 1032 3928 ed
1050 3877 1106 3926 tal.
1139 3874 1214 3933 Quod
1228 3891 1275 3924 au-

212 3957 415 4018 Copttt-octr'a.
447 3949 703 4000 Hocetribuseodd.
740 3953 802 3994 'tem
813 3943 944 3995 Ciceronis
953 3959 1056 4008 qnoque
1067 3944 1153 3991 loonm
1167 3941 1211 4001 (ad
1223 3941 1274 3990 aa.

175 4018 275 4084 recepit
292 4019 358 4068 Ond.
376 4026 402 4066 et
423 4016 535 4066 defendit
552 4015 670 4080 exemplo
687 4031 703 4064 e
752 4015 777 4058 ὅ.
792 4011 832 4070 ll)
844 4011 894 4059 buo
905 4011 1022 4070 referunt,
1034 4007 1059 4056 id
1068 4006 1157 4056 frustra
1168 4005 1205 4065 fir,
1214 4006 1275 4068 quia

177 4082 443 4140 transcende,
464 4083 489 4130 t.
521 4081 606 4129 Ceteri
627 4081 703 4130 codd.
753 4073 791 4123 ibi
810 4089 860 4124 non
882 4075 931 4124 nisi
951 4090 983 4124 ex
1002 4071 1170 4137 quorumdam
1189 4087 1276 4122 emen·

177 4151 272 4200 habent
282 4152 367 4215 offitia,
377 4149 464 4206 auctis,
481 4151 601 4211 copitalia,
629 4197 634 4209 ,
647 4163 705 4210 pre-
752 4139 854 4188 datione
866 4143 1032 4204 ewcopt'um
1043 4137 1143 4214 legitur.
1161 4137 1200 4186 M.

178 4220 265 4280 potin
290 4215 405 4280 qum-dam
428 4212 488 4261 edd.
511 4163 703 4262 scrittaallibi
786 4206 836 4256 Aut
846 4207 1074 4258 attaeumatime.
1101 4201 1275 4256 Nunrumhoe

181 4282 333 4346 placetcum
343 4276 566 4334 naviatenam.
577 4277 617 4324 M.
639 4276 704 4326 Gro-
752 4272 872 4332 omnino;
895 4272 939 4321 sed
957 4268 1072 4320 moribus
1088 4265 1195 4318 Curari·
1213 4265 1276 4342 ratis

180 4360 242 4409 pov.
253 4347 287 4398 ad
297 4344 357 4396 nv.
369 4347 394 4406 6,
405 4346 445 4393 98.
458 4357 494 4392 ex
506 4339 613 4407 optimis
623 4355 704 4393 meur.
751 4339 913 4390 conveniens.
933 4335 974 4387 Cf.
985 4351 1009 4386 o.
1020 4338 1045 4384 8.
1066 4333 1118 4384 Pro
1127 4331 1226 4384 astulis
1235 4347 1276 4382 oo.

439 4426 443 4440 ι
495 4411 501 4423 ⁸
1040 4409 1049 4433 b
1257 4405 1262 4414 ¹
