2909 4809
433 250 522 321 uls.
548 247 627 321 Vll.
672 250 776 319 CAP.
798 250 940 317 44-46.
1169 250 1241 320 Ι193

131 440 433 531 inpedimentorum
472 466 513 507 ex
555 440 666 507 castris
704 440 932 529 mulorumque
995 438 1122 516 reduci,
1156 464 1240 531 eque

132 530 178 595 iis
190 544 368 596 stramenta
382 529 512 595 detrahi
533 530 755 615 mulionesque
782 552 855 593 cum
883 529 960 593 cassi
984 528 1067 604 ibus,
1092 529 1241 617 equitum

131 618 243 705 specie
257 641 296 681 ac
310 616 525 697 simulatione,
540 617 678 681 collibus
693 616 888 682 circumvehi
901 616 1006 703 jubet.
1043 615 1107 681 Hic
1120 638 1240 705 paucos

133 703 229 769 addit
259 704 398 790 equites,
432 704 490 790 qui
523 704 620 768 latius
646 702 869 769 ostentationis
892 728 1000 769 caussa
1028 715 1238 793 vagarentur.

139 789 257 881 Longo
271 792 411 856 circuitu
427 789 553 855 easdem
573 812 682 856 omnes
701 791 796 879 jubet
820 802 931 879 petere
956 790 1112 881 regiones.
1160 790 1240 857 Haec

137 878 255 979 procul
270 902 311 944 ex
326 878 449 967 oppido
462 876 671 952 ridebantur,
687 889 812 957 uterat
835 900 855 941 a
883 878 1047 967 Gergovia
1070 876 1242 966 despectus

138 987 176 1029 sn
201 977 328 1040 castra;
351 988 457 1067 neque
482 978 576 1031 tanto
599 964 715 1053 spatio,
746 964 828 1029 certi
853 964 933 1053 quid
957 977 1050 1040 esset,
1077 990 1095 1029 e
1141 963 1241 1029 lorari

137 1063 282 1141 poterat.
329 1051 504 1153 legionem
519 1075 614 1117 unam
629 1050 742 1118 eodem
769 1052 845 1139 'ugo
859 1052 963 1116 mittit
982 1064 1015 1118 et
1038 988 1151 1141 paullo
1167 1074 1241 1140 pro-

137 1161 282 1225 gressam
296 1139 449 1206 inferiore
463 1140 631 1204 constituit
645 1140 717 1204 loco
732 1076 884 1225 siivisque
897 1138 1051 1205 occultat.
1088 1140 1243 1227 Augetur

140 1225 248 1291 Gallis
262 1226 401 1316 suspicio
415 1240 515 1314 atque
528 1249 636 1308 ornnes
650 1226 708 1291 illo
724 1224 766 1289 ad
788 1226 997 1293 munitionem
1019 1226 1119 1315 copiae
1141 1238 1244 1290 trans-

134 1312 315 1379 ducuntur.
355 1314 469 1379 Vacua
483 1325 588 1379 castra
607 1312 750 1378 hostium
774 1313 881 1379 Oaesar
908 1313 1122 1401 conspicatus,
1148 1312 1243 1377 tectis

135 1398 320 1483 insignibus
352 1424 487 1466 suorum
522 1400 755 1486 occultatisque
787 1400 887 1487 siguis
915 1400 1122 1478 militaribus,
1152 1422 1244 1465 raros

135 1485 272 1560 milites,
287 1508 328 1552 ne
341 1511 382 1552 ex
395 1510 439 1577 op
464 1488 517 1553 ido
529 1487 873 1563 animadverterentur,
890 1512 930 1553 ex
943 1487 1120 1573 maioribus
1131 1486 1244 1552 castris

135 1573 174 1637 in
196 1573 322 1638 minora
346 1511 526 1640 transducit
642 1576 760 1663 tisque‚
814 1598 872 1639 uos
901 1560 1034 1662 singulis
1061 1572 1244 1661 legionibus

139 1660 345 1749 praefecerat,
369 1660 452 1761 quid
475 1660 546 1727 fieri
566 1684 604 1726 ve
619 1662 676 1737 let,
692 1598 855 1728 ostendit:
879 1660 1038 1749 inprimis
1059 1670 1179 1747 monet,
1206 1668 1255 1724 ut
1280 1712 1283 1720 ι

138 1746 332 1812 contineant
346 1748 476 1823 milites,
493 1770 533 1813 ne
547 1748 656 1813 studio
671 1746 839 1838 pugnandi
853 1760 911 1813 aut
923 1772 979 1849 spe
988 1748 1104 1835 praedae
1117 1744 1245 1835 longius

139 1833 416 1923 progrediantur:
440 1835 522 1921 quid
542 1834 693 1921 iniquitas
714 1834 778 1901 loci
794 1833 916 1899 babeat.
935 1831 1141 1907 1ncommodi‚
1170 1854 1245 1921 pro-

140 1922 255 2011 ponit:
279 1920 340 1986 hoc
355 1944 420 1987 una
434 1920 601 1986 celeritate
624 1944 715 2009 posse
735 1922 851 1987 vitari:
878 1920 1050 1987 occasionis
1074 1943 1140 1983 esse
1163 1942 1244 1995 rem,

138 2030 207 2072 non
223 2007 342 2096 proelii.
388 2008 451 2073 His
473 2008 571 2073 rebus
593 2008 758 2095 expositis,
780 2008 804 2072 si
830 2030 907 2073 uum
926 2007 986 2073 dat
1005 2020 1039 2072 et
1053 2006 1095 2071 ab
1110 2005 1246 2071 dextera

139 2106 240 2185 parte
254 2094 319 2159 alio
329 2095 482 2160 adscensu
493 2094 607 2161 eodem
623 2108 770 2197 tempore
830 2094 912 2159 duos
926 2093 1040 2159 mittit.

185 2180 242 2245 46.
266 2181 394 2283 Oppidi
403 2205 516 2247 murus
523 2182 572 2247 'ab
586 2181 721 2271 planitie
735 2196 833 2269 atque
849 2182 941 2247 initio
955 2180 1135 2255 adscensus,
1158 2190 1247 2245 recta

139 2268 288 2356 regione,
305 2293 331 2333 sr
347 2269 456 2335 nullus
470 2268 645 2333 amfractus
660 2269 884 2344 intercederet,
917 2268 1018 2335 MCC
1043 2292 1153 2357 passus
1172 2268 1247 2332 abe·

140 2368 215 2421 rat:
239 2355 400 2443 quidquid
422 2355 498 2421 huic
521 2355 674 2421 circuitus
700 2358 750 2422 ad*
769 2356 977 2422 molliendum
1002 2356 1123 2422 clivum
1142 2376 1245 2419 acces·

138 2454 242 2515 serat,
266 2442 301 2506 id
325 2443 469 2531 spatium
489 2442 610 2507 itineris
633 2445 784 2530 augebat.
837 2446 880 2508 At
906 2442 1012 2508 medio
1033 2443 1100 2506 fere
1115 2441 1197 2506 colle
1213 2440 1248 2505 in

140 2527 393 2616 longitudinem,
419 2543 458 2594 ut
478 2540 595 2594 natura
618 2531 737 2595 montis
758 2530 896 2606 ferebat,
923 2554 963 2595 ex
976 2528 1152 2617 grandibus
1166 2527 1249 2591 saxis

139 2638 199 2679 sex
221 2616 340 2703 pedum
360 2640 504 2692 murum,
527 2616 584 2702 qui
599 2628 784 2682 nostrorum
810 2618 957 2719 inpetum
980 2616 1136 2689 tardaret,
1166 2638 1247 2716 prae-

140 2702 305 2768 duxerant
332 2702 422 2768 Galli
447 2716 559 2791 atque,
587 2702 740 2787 inferiore
764 2726 851 2769 omnr
875 2703 980 2791 spatio
1003 2726 1106 2767 vacuo
1120 2702 1247 2775 rebels,

140 2790 344 2877 superiorem
401 2804 486 2855 rtem
500 2791 592 2857 collis
606 2814 707 2877 usque
724 2790 766 2855 ad
783 2814 913 2857 murum
930 2789 1046 2878 oppidi
1057 2786 1248 2853 densissimis

142 2877 257 2942 castris
273 2814 524 2965 compliverant.
572 2876 708 2953 Milites,
722 2879 800 2944 dato
811 2878 914 2967 signo,
931 2876 1078 2941 celeriter
1094 2875 1135 2940 ad
1147 2874 1249 2943 muni·

144 2964 490 3053 tionemperveniunt,
516 2987 651 3050 eamque
666 2966 868 3053 transgressi,
885 2964 975 3029 trinis
990 2962 1101 3028 castris
1142 2963 1248 3027 otiun-

143 3062 213 3115 tur.
260 3050 311 3116 Ac
325 3062 417 3117 tanta
432 3052 495 3117 fuit
509 3052 542 3115 in
557 3052 669 3115 castris
693 3052 854 3141 capiendis
877 3052 1035 3126 celeritas,
1063 3062 1101 3115 ut
1158 3060 1248 3115 euto·

144 3151 264 3214 matus,
291 3161 349 3204 rex
366 3138 603 3227 Nitiobrigum,
617 3138 727 3203 subito
743 3140 775 3205 in
790 3139 999 3205 tabernaculo
1013 3139 1196 3225 obpressus,
1213 3145 1251 3198 ut

147 3253 217 3317 apud
227 3252 299 3302 Suet.
308 3252 390 3316 Calig.
403 3256 443 3303 ⁵1.
451 3253 496 3303 ubi
504 3252 554 3301 rid.
563 3252 676 3301 Gravius
760 3252 911 3315 Aesonios.
922 3269 944 3299 c.
968 3249 1021 3299 Alii
1035 3250 1064 3298 A.

147 3327 174 3367 et
192 3317 309 3367 Oudeud.
328 3319 432 3369 Grecos
453 3318 531 3367 habet
547 3316 674 3385 αιωφέμ.
760 3318 795 3366 In
815 3318 1004 3382 burgundicam,
1029 3314 1075 3364 alii
1095 3313 1123 3361 s‘n
1143 3312 1259 3375 unqua*

147 3382 200 3431 vid.
210 3390 238 3429 et
246 3384 380 3447 Polyxenus
391 3384 408 3433 l.
420 3400 443 3432 c.
696 3402 704 3415 ·
724 3384 791 3433 diue.
1199 3440 1204 3451 1

181 3446 279 3497 Eodem
293 3453 369 3513 jugo,
387 3464 475 3499 versus
495 3450 604 3498 eundem
620 3448 676 3496 col·
761 3446 953 3497 Praerlururaut.
976 3444 1018 3493 Sic
1032 3443 1128 3507 primus
1139 3442 1251 3505 Scaliger

148 3512 210 3560 lem.
230 3514 268 3561 M.
725 3520 751 3561 et
761 3514 862 3563 firment
875 3513 952 3561 codd.
981 3510 1056 3572 Vulg.
1070 3510 1250 3574 proclamant.

183 3578 340 3640 Imiom'bm.
355 3577 408 3627 vid.
424 3579 478 3627 lnd.
497 3580 535 3628 M.
765 3580 848 3627 Tristis
863 3580 958 3625 castris.
986 3576 1067 3637 Supra
1084 3590 1142 3635 cap.
1163 3572 1250 3646 ⁸.⁶.di·

184 3644 330 3693 Amoemu.
352 3644 420 3695 cod.
431 3644 545 3693 Andibus
553 3660 677 3706 eremus,
725 3652 789 3691 serte
800 3642 919 3691 traditum
931 3649 978 3699 est,
989 3640 1142 3703 singularum
1158 3644 1251 3685 crvrta-

150 3710 270 3757 utc.2¹l.
725 3710 790 3757 tium
820 3708 910 3771 copias
939 3705 1075 3768 separatim
1104 3702 1252 3753 conlocatas

183 3775 379 3839 Rectus-egicae.
403 3774 461 3823 lloc
472 3772 509 3823 esi
519 3774 675 3839 superfluum
726 3774 814 3822 fuisse.
848 3774 916 3835 Ergo
927 3772 1025 3819 luerunt
1035 3763 1188 3831 singularum
1200 3766 1251 3815 siu-

150 3838 411 3901 iuterpretamentum,
421 3856 474 3904 quo
485 3840 578 3903 aliquis
591 3840 676 3904 expli·
726 3840 787 3902 gula
799 3847 889 3897 castra,
903 3852 960 3900 quoe
971 3843 1128 3885 numerantur
1140 3841 1168 3882 ut
1179 3833 1253 3896 plura

151 3920 209 3954 care
229 3904 312 3953 soluit
327 3906 414 3964 rerba,
431 3909 454 3955 π’
468 3907 534 3955 med.
543 3905 619 3968 amfr.
638 3909 679 3954 in·
728 3912 754 3953 ct
765 3904 873 3951 diversa.
883 3900 931 3951 etsi
941 3918 1006 3950 unus
1017 3898 1143 3948 exercitus
1153 3906 1199 3947 est.
1212 3896 1252 3947 Ex

152 3978 213 4021 terc.
249 3970 289 4017 M.
730 3968 771 4017 his
792 3970 876 4017 Caesar
897 3982 963 4016 nunc
993 3966 1040 4013 tris
1062 3962 1245 4027 occupatsM

187 4035 319 4098 Quidquid
338 4036 399 4083 huic
418 4050 455 4085 sc.
474 4033 619 4091 adscensui,
633 4034 677 4097 qui
728 4034 834 4081 Dixerat
843 4034 997 4096 paulloante
1006 4031 1152 4079 maurinae
1160 4036 1253 4085 castra,

151 4098 260 4149 fltrecta
270 4100 382 4162 regione.
399 4102 438 4149 M.
627 4109 629 4114 '
728 4097 790 4161 quiu
803 4098 979 4161 pluruexiguo
990 4094 1073 4158 spatio
1085 4093 1177 4157 posita.
1194 4092 1252 4141 Nou

189 4167 314 4215 cuman
325 4167 406 4214 mouit
425 4166 525 4225 εζὶτιιπι,
543 4162 632 4221 efficit,
651 4158 702 4214 ut'
727 4179 787 4225 ergo
809 4180 875 4225 opus
896 4162 938 4211 bic
959 4178 1017 4210 cum
1035 4158 1142 4207 Davisro
1169 4160 1254 4221 legere

154 4244 201 4291 per
211 4228 297 4279 minus
306 4230 385 4279 ardua
395 4228 457 4278 clivi
469 4231 528 4279 loca
539 4230 678 4278 adscenda-
728 4231 806 4278 tribus
814 4230 964 4277 densissimis
973 4228 1069 4275 cornis.

153 4302 204 4345 tot.
228 4294 582 4358 mompsuestenum
603 4291 680 4360 ῥᾳδίαν
767 4291 1089 4345 reassumendam.
1105 4290 1146 4339 M.

153 4358 597 4429 masmanna-sumu·
978 4428 980 4435 ,
1101 4418 1125 4469 0
