<?xml version="1.0" encoding="UTF-8"?>
<!DOCTYPE html PUBLIC "-//W3C//DTD XHTML 1.0 Transitional//EN"
    "http://www.w3.org/TR/xhtml1/DTD/xhtml1-transitional.dtd">
<html xmlns="http://www.w3.org/1999/xhtml" xml:lang="en" lang="en">
 <head>
  <title>
</title>
<meta http-equiv="Content-Type" content="text/html;charset=utf-8" />
  <meta name='ocr-system' content='tesseract 3.04.00' />
  <meta name='ocr-capabilities' content='ocr_page ocr_carea ocr_par ocr_line ocrx_word'/>
</head>
<body>
  <div class='ocr_page' id='page_1' title='image "./cjuliicaesarisc00obergoog/cjuliicaesarisc00obergoog_0404.png"; bbox 0 0 2909 4809; ppageno 0'>
   <div class='ocr_carea' id='block_1_1' title="bbox 159 298 966 397">
    <p class='ocr_par' dir='ltr' id='par_1_1' title="bbox 159 298 966 397">
     <span class='ocr_line' id='line_1_1' title="bbox 159 298 966 397; baseline -0.009 -12"><span class='ocrx_word' id='word_1_1' title='bbox 159 379 164 386; x_wconf 88' lang='grc'><em>,</em></span> <span class='ocrx_word' id='word_1_2' title='bbox 222 300 289 397; x_wconf 78' lang='lat' dir='ltr'>ais</span> <span class='ocrx_word' id='word_1_3' title='bbox 544 315 608 384; x_wconf 86' lang='lat' dir='ltr'>us</span> <span class='ocrx_word' id='word_1_4' title='bbox 632 298 784 381; x_wconf 81' lang='lat' dir='ltr'>sunto</span> <span class='ocrx_word' id='word_1_5' title='bbox 807 310 966 381; x_wconf 82' lang='lat' dir='ltr'>mmm.</span> 
     </span>
    </p>
   </div>
   <div class='ocr_carea' id='block_1_2' title="bbox 139 496 1318 1721">
    <p class='ocr_par' dir='ltr' id='par_1_2' title="bbox 221 496 1318 838">
     <span class='ocr_line' id='line_1_2' title="bbox 223 496 1316 579; baseline -0.004 -8"><span class='ocrx_word' id='word_1_6' title='bbox 223 501 336 571; x_wconf 80' lang='lat' dir='ltr'>telluris</span> <span class='ocrx_word' id='word_1_7' title='bbox 349 496 606 579; x_wconf 82' lang='lat' dir='ltr'>Massiliensium,</span> <span class='ocrx_word' id='word_1_8' title='bbox 627 503 667 569; x_wconf 90' lang='lat' dir='ltr'>ad</span> <span class='ocrx_word' id='word_1_9' title='bbox 684 499 851 570; x_wconf 80' lang='lat' dir='ltr'>Nasidium</span> <span class='ocrx_word' id='word_1_10' title='bbox 918 500 1079 576; x_wconf 85' lang='lat' dir='ltr'>rveniunt,</span> <span class='ocrx_word' id='word_1_11' title='bbox 1095 499 1138 566; x_wconf 91' lang='lat' dir='ltr'>ibi</span> <span class='ocrx_word' id='word_1_12' title='bbox 1164 521 1203 566; x_wconf 88' lang='lat' dir='ltr'>ue</span> <span class='ocrx_word' id='word_1_13' title='bbox 1218 509 1316 568; x_wconf 81' lang='lat' dir='ltr'>naves</span> 
     </span>
     <span class='ocr_line' id='line_1_3' title="bbox 221 519 1318 682; baseline -0.003 -26"><span class='ocrx_word' id='word_1_14' title='bbox 221 589 409 682; x_wconf 84' lang='lat' dir='ltr'>expediunt,</span> <span class='ocrx_word' id='word_1_15' title='bbox 422 611 595 676; x_wconf 74' lang='lat' dir='ltr'>rursusque</span> <span class='ocrx_word' id='word_1_16' title='bbox 610 613 643 654; x_wconf 90' lang='lat' dir='ltr'>se</span> <span class='ocrx_word' id='word_1_17' title='bbox 654 588 862 677; x_wconf 76' lang='lat' dir='ltr'>adconfligen</span> <span class='ocrx_word' id='word_1_18' title='bbox 888 598 940 655; x_wconf 84' lang='lat' dir='ltr'>um</span> <span class='ocrx_word' id='word_1_19' title='bbox 957 589 1063 654; x_wconf 86' lang='lat' dir='ltr'>animo</span> <span class='ocrx_word' id='word_1_20' title='bbox 1079 519 1270 657; x_wconf 74' lang='lat' dir='ltr'>conirr‘nant</span> <span class='ocrx_word' id='word_1_21' title='bbox 1280 598 1318 654; x_wconf 84' lang='lat' dir='ltr'>st</span> 
     </span>
     <span class='ocr_line' id='line_1_4' title="bbox 223 675 1317 765; baseline -0.004 -23"><span class='ocrx_word' id='word_1_22' title='bbox 223 677 352 742; x_wconf 88' lang='lat' dir='ltr'>consilia</span> <span class='ocrx_word' id='word_1_23' title='bbox 378 678 621 743; x_wconf 85' lang='lat' dir='ltr'>communicant.</span> <span class='ocrx_word' id='word_1_24' title='bbox 683 678 808 742; x_wconf 84' lang='lat' dir='ltr'>Dextra</span> <span class='ocrx_word' id='word_1_25' title='bbox 837 700 909 765; x_wconf 88' lang='lat' dir='ltr'>pars</span> <span class='ocrx_word' id='word_1_26' title='bbox 941 675 1189 741; x_wconf 71' lang='lat' dir='ltr'>Massiliensibus</span> <span class='ocrx_word' id='word_1_27' title='bbox 1214 675 1317 740; x_wconf 79' lang='lat' dir='ltr'>adtri-</span> 
     </span>
     <span class='ocr_line' id='line_1_5' title="bbox 222 763 645 838; baseline -0.014 -6"><span class='ocrx_word' id='word_1_28' title='bbox 222 765 347 838; x_wconf 89' lang='lat' dir='ltr'>buitur,</span> <span class='ocrx_word' id='word_1_29' title='bbox 361 763 486 829; x_wconf 85' lang='lat' dir='ltr'>sinistra</span> <span class='ocrx_word' id='word_1_30' title='bbox 501 763 645 829; x_wconf 83' lang='lat' dir='ltr'>Nasidio.</span> 
     </span>
    </p>

    <p class='ocr_par' dir='ltr' id='par_1_3' title="bbox 139 845 1318 1721">
     <span class='ocr_line' id='line_1_6' title="bbox 266 845 1314 925; baseline 0 -11"><span class='ocrx_word' id='word_1_31' title='bbox 266 851 298 914; x_wconf 80' lang='lat'>5.</span> <span class='ocrx_word' id='word_1_32' title='bbox 322 849 447 916; x_wconf 84' lang='lat' dir='ltr'>Eodem</span> <span class='ocrx_word' id='word_1_33' title='bbox 463 850 584 915; x_wconf 88' lang='lat' dir='ltr'>Bmtus</span> <span class='ocrx_word' id='word_1_34' title='bbox 593 847 773 925; x_wconf 85' lang='lat' dir='ltr'>contendit,</span> <span class='ocrx_word' id='word_1_35' title='bbox 788 857 885 914; x_wconf 88' lang='lat' dir='ltr'>aucto</span> <span class='ocrx_word' id='word_1_36' title='bbox 900 849 1028 914; x_wconf 84' lang='lat' dir='ltr'>navium</span> <span class='ocrx_word' id='word_1_37' title='bbox 1041 869 1184 914; x_wconf 87' lang='lat' dir='ltr'>numero.</span> <span class='ocrx_word' id='word_1_38' title='bbox 1225 845 1314 914; x_wconf 86' lang='lat' dir='ltr'>Nam</span> 
     </span>
     <span class='ocr_line' id='line_1_7' title="bbox 139 935 1316 1024; baseline -0.003 -20"><span class='ocrx_word' id='word_1_39' title='bbox 139 1003 143 1016; x_wconf 76' lang='grc'>,</span> <span class='ocrx_word' id='word_1_40' title='bbox 224 936 266 1004; x_wconf 83' lang='lat' dir='ltr'>ad</span> <span class='ocrx_word' id='word_1_41' title='bbox 281 959 348 1013; x_wconf 86' lang='lat' dir='ltr'>eas,</span> <span class='ocrx_word' id='word_1_42' title='bbox 363 959 436 1024; x_wconf 83' lang='lat' dir='ltr'>quae</span> <span class='ocrx_word' id='word_1_43' title='bbox 452 936 547 1018; x_wconf 71' lang='lat' dir='ltr'>factae</span> <span class='ocrx_word' id='word_1_44' title='bbox 565 948 658 1002; x_wconf 86' lang='lat' dir='ltr'>eraut</span> <span class='ocrx_word' id='word_1_45' title='bbox 671 936 804 1001; x_wconf 81' lang='lat' dir='ltr'><strong>Arelate</strong></span> <span class='ocrx_word' id='word_1_46' title='bbox 817 959 878 1024; x_wconf 88' lang='lat' dir='ltr'>per</span> <span class='ocrx_word' id='word_1_47' title='bbox 888 937 1057 1012; x_wconf 73' lang='lat' dir='ltr'>Caesarem,</span> <span class='ocrx_word' id='word_1_48' title='bbox 1071 935 1210 1024; x_wconf 69' lang='lat' dir='ltr'>captivae</span> <span class='ocrx_word' id='word_1_49' title='bbox 1226 935 1316 1000; x_wconf 84' lang='lat' dir='ltr'>Mas·</span> 
     </span>
     <span class='ocr_line' id='line_1_8' title="bbox 225 1021 1316 1111; baseline -0.004 -21"><span class='ocrx_word' id='word_1_50' title='bbox 225 1023 395 1100; x_wconf 74' lang='lat' dir='ltr'>sffiensium</span> <span class='ocrx_word' id='word_1_51' title='bbox 410 1035 607 1088; x_wconf 70' lang='lat' dir='ltr'>acceoeerant</span> <span class='ocrx_word' id='word_1_52' title='bbox 620 1045 687 1088; x_wconf 85' lang='lat' dir='ltr'>sex.</span> <span class='ocrx_word' id='word_1_53' title='bbox 713 1022 783 1086; x_wconf 84' lang='lat' dir='ltr'>H&#39;as</span> <span class='ocrx_word' id='word_1_54' title='bbox 797 1022 1017 1111; x_wconf 86' lang='lat' dir='ltr'>superioribus</span> <span class='ocrx_word' id='word_1_55' title='bbox 1028 1022 1188 1088; x_wconf 86' lang='lat' dir='ltr'>reiecerat</span> <span class='ocrx_word' id='word_1_56' title='bbox 1197 1021 1316 1087; x_wconf 84' lang='lat' dir='ltr'>diebus</span> 
     </span>
     <span class='ocr_line' id='line_1_9' title="bbox 224 1108 1314 1199; baseline -0.003 -23"><span class='ocrx_word' id='word_1_57' title='bbox 224 1117 325 1199; x_wconf 87' lang='lat' dir='ltr'>atque</span> <span class='ocrx_word' id='word_1_58' title='bbox 339 1110 485 1174; x_wconf 88' lang='lat' dir='ltr'>omnibus</span> <span class='ocrx_word' id='word_1_59' title='bbox 514 1110 611 1175; x_wconf 91' lang='lat' dir='ltr'>rebus</span> <span class='ocrx_word' id='word_1_60' title='bbox 636 1109 841 1174; x_wconf 79' lang='lat' dir='ltr'>instruxerat.</span> <span class='ocrx_word' id='word_1_61' title='bbox 888 1108 1003 1193; x_wconf 87' lang='lat' dir='ltr'>ltaque</span> <span class='ocrx_word' id='word_1_62' title='bbox 1024 1130 1095 1174; x_wconf 90' lang='lat' dir='ltr'>suos</span> <span class='ocrx_word' id='word_1_63' title='bbox 1116 1109 1314 1184; x_wconf 75' lang='lat' dir='ltr'>cohortatus,</span> 
     </span>
     <span class='ocr_line' id='line_1_10' title="bbox 225 1195 1315 1286; baseline -0.003 -24"><span class='ocrx_word' id='word_1_64' title='bbox 225 1221 304 1286; x_wconf 88' lang='lat' dir='ltr'>quos</span> <span class='ocrx_word' id='word_1_65' title='bbox 319 1197 462 1284; x_wconf 81' lang='lat' dir='ltr'>integros</span> <span class='ocrx_word' id='word_1_66' title='bbox 484 1197 728 1284; x_wconf 76' lang='lat' dir='ltr'>superavissent,</span> <span class='ocrx_word' id='word_1_67' title='bbox 752 1207 789 1259; x_wconf 91' lang='lat' dir='ltr'>ut</span> <span class='ocrx_word' id='word_1_68' title='bbox 809 1196 910 1259; x_wconf 64' lang='lat' dir='ltr'>victure</span> <span class='ocrx_word' id='word_1_69' title='bbox 925 1207 1177 1272; x_wconf 83' lang='lat' dir='ltr'>contemnerent,</span> <span class='ocrx_word' id='word_1_70' title='bbox 1223 1195 1315 1260; x_wconf 81' lang='lat' dir='ltr'>letius</span> 
     </span>
     <span class='ocr_line' id='line_1_11' title="bbox 224 1214 1316 1374; baseline -0.002 -26"><span class='ocrx_word' id='word_1_71' title='bbox 224 1284 293 1374; x_wconf 88' lang='lat' dir='ltr'>spei</span> <span class='ocrx_word' id='word_1_72' title='bbox 315 1282 407 1348; x_wconf 80' lang='lat' dir='ltr'>bonae</span> <span class='ocrx_word' id='word_1_73' title='bbox 430 1295 530 1370; x_wconf 87' lang='lat' dir='ltr'>atque</span> <span class='ocrx_word' id='word_1_74' title='bbox 552 1285 647 1347; x_wconf 83' lang='lat' dir='ltr'>animi</span> <span class='ocrx_word' id='word_1_75' title='bbox 669 1281 823 1346; x_wconf 89' lang='lat' dir='ltr'>adversus</span> <span class='ocrx_word' id='word_1_76' title='bbox 849 1305 903 1346; x_wconf 86' lang='lat' dir='ltr'>eos</span> <span class='ocrx_word' id='word_1_77' title='bbox 932 1281 1158 1368; x_wconf 86' lang='lat' dir='ltr'>proficiscitur.</span> <span class='ocrx_word' id='word_1_78' title='bbox 1200 1214 1316 1348; x_wconf 66' lang='lat' dir='ltr'>lactis</span> 
     </span>
     <span class='ocr_line' id='line_1_12' title="bbox 224 1365 1317 1456; baseline -0.001 -20"><span class='ocrx_word' id='word_1_79' title='bbox 224 1381 307 1445; x_wconf 90' lang='lat' dir='ltr'>erat,</span> <span class='ocrx_word' id='word_1_80' title='bbox 322 1392 362 1434; x_wconf 85' lang='lat' dir='ltr'>ex</span> <span class='ocrx_word' id='word_1_81' title='bbox 376 1371 487 1442; x_wconf 86' lang='lat' dir='ltr'>castris</span> <span class='ocrx_word' id='word_1_82' title='bbox 502 1368 542 1433; x_wconf 84' lang='lat' dir='ltr'>O.</span> <span class='ocrx_word' id='word_1_83' title='bbox 559 1369 711 1434; x_wconf 89' lang='lat' dir='ltr'>Trebonii</span> <span class='ocrx_word' id='word_1_84' title='bbox 727 1378 827 1454; x_wconf 84' lang='lat' dir='ltr'>etque</span> <span class='ocrx_word' id='word_1_85' title='bbox 841 1367 986 1433; x_wconf 89' lang='lat' dir='ltr'>omuibus</span> <span class='ocrx_word' id='word_1_86' title='bbox 1001 1365 1223 1456; x_wconf 83' lang='lat' dir='ltr'>superioribus</span> <span class='ocrx_word' id='word_1_87' title='bbox 1237 1368 1317 1435; x_wconf 84' lang='lat' dir='ltr'>loeis</span> 
     </span>
     <span class='ocr_line' id='line_1_13' title="bbox 224 1455 1316 1546; baseline -0.003 -24"><span class='ocrx_word' id='word_1_88' title='bbox 224 1455 410 1546; x_wconf 69' lang='lat' dir='ltr'>prospicere</span> <span class='ocrx_word' id='word_1_89' title='bbox 430 1455 464 1522; x_wconf 91' lang='lat' dir='ltr'>in</span> <span class='ocrx_word' id='word_1_90' title='bbox 485 1457 611 1532; x_wconf 89' lang='lat' dir='ltr'>urbem,</span> <span class='ocrx_word' id='word_1_91' title='bbox 634 1469 673 1519; x_wconf 93' lang='lat' dir='ltr'>ut</span> <span class='ocrx_word' id='word_1_92' title='bbox 688 1456 787 1521; x_wconf 89' lang='lat' dir='ltr'>omnis</span> <span class='ocrx_word' id='word_1_93' title='bbox 800 1456 964 1543; x_wconf 78' lang='lat' dir='ltr'>juventus,</span> <span class='ocrx_word' id='word_1_94' title='bbox 985 1477 1057 1542; x_wconf 78' lang='lat' dir='ltr'>quae</span> <span class='ocrx_word' id='word_1_95' title='bbox 1072 1456 1104 1520; x_wconf 90' lang='lat' dir='ltr'>in</span> <span class='ocrx_word' id='word_1_96' title='bbox 1123 1455 1244 1544; x_wconf 89' lang='lat' dir='ltr'>oppido</span> <span class='ocrx_word' id='word_1_97' title='bbox 1264 1474 1316 1519; x_wconf 86' lang='lat' dir='ltr'>re-</span> 
     </span>
     <span class='ocr_line' id='line_1_14' title="bbox 225 1541 1317 1631; baseline -0.003 -22"><span class='ocrx_word' id='word_1_98' title='bbox 225 1554 397 1617; x_wconf 76' lang='lat' dir='ltr'>manserat,</span> <span class='ocrx_word' id='word_1_99' title='bbox 423 1563 594 1630; x_wconf 86' lang='lat' dir='ltr'>omnesque</span> <span class='ocrx_word' id='word_1_100' title='bbox 616 1541 789 1631; x_wconf 87' lang='lat' dir='ltr'>superioris</span> <span class='ocrx_word' id='word_1_101' title='bbox 815 1544 928 1617; x_wconf 72' lang='lat' dir='ltr'>utatis,</span> <span class='ocrx_word' id='word_1_102' title='bbox 963 1563 1037 1605; x_wconf 88' lang='lat' dir='ltr'>eum</span> <span class='ocrx_word' id='word_1_103' title='bbox 1070 1541 1179 1607; x_wconf 86' lang='lat' dir='ltr'>liberis</span> <span class='ocrx_word' id='word_1_104' title='bbox 1213 1549 1317 1629; x_wconf 78' lang='lat' dir='ltr'>atque</span> 
     </span>
     <span class='ocr_line' id='line_1_15' title="bbox 225 1626 1318 1721; baseline -0.001 -26"><span class='ocrx_word' id='word_1_105' title='bbox 225 1630 378 1697; x_wconf 84' lang='lat' dir='ltr'>uxoribus</span> <span class='ocrx_word' id='word_1_106' title='bbox 392 1629 595 1721; x_wconf 86' lang='lat' dir='ltr'>publicisque</span> <span class='ocrx_word' id='word_1_107' title='bbox 610 1629 776 1704; x_wconf 89' lang='lat' dir='ltr'>custodiis,</span> <span class='ocrx_word' id='word_1_108' title='bbox 791 1640 849 1695; x_wconf 94' lang='lat' dir='ltr'>aut</span> <span class='ocrx_word' id='word_1_109' title='bbox 861 1650 901 1693; x_wconf 85' lang='lat' dir='ltr'>ex</span> <span class='ocrx_word' id='word_1_110' title='bbox 913 1649 1007 1692; x_wconf 88' lang='lat' dir='ltr'>muro</span> <span class='ocrx_word' id='word_1_111' title='bbox 1020 1626 1062 1691; x_wconf 85' lang='lat' dir='ltr'>sd</span> <span class='ocrx_word' id='word_1_112' title='bbox 1074 1627 1191 1694; x_wconf 83' lang='lat' dir='ltr'>coeium</span> <span class='ocrx_word' id='word_1_113' title='bbox 1203 1639 1318 1694; x_wconf 83' lang='lat' dir='ltr'>manus</span> 
     </span>
    </p>
   </div>
   <div class='ocr_carea' id='block_1_3' title="bbox 74 1713 1317 1812">
    <p class='ocr_par' dir='ltr' id='par_1_4' title="bbox 74 1713 1317 1812">
     <span class='ocr_line' id='line_1_16' title="bbox 74 1713 1317 1812; baseline -0.002 -29"><span class='ocrx_word' id='word_1_114' title='bbox 74 1788 93 1812; x_wconf 42' lang='lat'>⁸,</span> <span class='ocrx_word' id='word_1_115' title='bbox 157 1724 163 1735; x_wconf 77' lang='grc'><strong>“</strong></span> <span class='ocrx_word' id='word_1_116' title='bbox 193 1730 196 1736; x_wconf 84' lang='grc'><strong>“</strong></span> <span class='ocrx_word' id='word_1_117' title='bbox 226 1715 408 1793; x_wconf 82' lang='lat' dir='ltr'>tenderent,</span> <span class='ocrx_word' id='word_1_118' title='bbox 429 1727 489 1782; x_wconf 84' lang='lat' dir='ltr'>aut</span> <span class='ocrx_word' id='word_1_119' title='bbox 503 1716 626 1805; x_wconf 89' lang='lat' dir='ltr'>templa</span> <span class='ocrx_word' id='word_1_120' title='bbox 648 1716 792 1781; x_wconf 87' lang='lat' dir='ltr'>Deorum</span> <span class='ocrx_word' id='word_1_121' title='bbox 807 1715 1026 1780; x_wconf 72' lang='lat' dir='ltr'>inmortalium</span> <span class='ocrx_word' id='word_1_122' title='bbox 1040 1713 1168 1779; x_wconf 82' lang='lat' dir='ltr'>adirent</span> <span class='ocrx_word' id='word_1_123' title='bbox 1181 1725 1317 1790; x_wconf 49' lang='lat' dir='ltr'>etanta</span> 
     </span>
    </p>
   </div>
   <div class='ocr_carea' id='block_1_4' title="bbox 223 1802 1412 3016">
    <p class='ocr_par' dir='ltr' id='par_1_5' title="bbox 223 1802 1320 2483">
     <span class='ocr_line' id='line_1_17' title="bbox 223 1802 1319 1906; baseline -0.003 -37"><span class='ocrx_word' id='word_1_124' title='bbox 223 1803 392 1870; x_wconf 76' lang='lat' dir='ltr'>simulacra</span> <span class='ocrx_word' id='word_1_125' title='bbox 415 1803 565 1892; x_wconf 88' lang='lat' dir='ltr'>projecti,</span> <span class='ocrx_word' id='word_1_126' title='bbox 594 1802 764 1868; x_wconf 81' lang='lat' dir='ltr'>victoriam</span> <span class='ocrx_word' id='word_1_127' title='bbox 786 1802 830 1867; x_wconf 88' lang='lat' dir='ltr'>ab</span> <span class='ocrx_word' id='word_1_128' title='bbox 854 1802 924 1867; x_wconf 87' lang='lat' dir='ltr'>Diis</span> <span class='ocrx_word' id='word_1_129' title='bbox 952 1811 1179 1906; x_wconf 78' lang='lat' dir='ltr'>exposcerentt</span> <span class='ocrx_word' id='word_1_130' title='bbox 1212 1820 1319 1888; x_wconf 86' lang='lat' dir='ltr'>neque</span> 
     </span>
     <span class='ocr_line' id='line_1_18' title="bbox 224 1886 1318 1979; baseline -0.005 -22"><span class='ocrx_word' id='word_1_131' title='bbox 224 1903 296 1957; x_wconf 90' lang='lat' dir='ltr'>erat</span> <span class='ocrx_word' id='word_1_132' title='bbox 316 1889 487 1979; x_wconf 84' lang='lat' dir='ltr'>quisquam</span> <span class='ocrx_word' id='word_1_133' title='bbox 499 1886 663 1965; x_wconf 78' lang='lat' dir='ltr'>omnium,</span> <span class='ocrx_word' id='word_1_134' title='bbox 688 1889 769 1977; x_wconf 89' lang='lat' dir='ltr'>quin</span> <span class='ocrx_word' id='word_1_135' title='bbox 792 1891 823 1953; x_wconf 83' lang='lat' dir='ltr'>in</span> <span class='ocrx_word' id='word_1_136' title='bbox 847 1890 915 1976; x_wconf 81' lang='lat' dir='ltr'>ejus</span> <span class='ocrx_word' id='word_1_137' title='bbox 938 1886 1003 1954; x_wconf 83' lang='lat' dir='ltr'>dier</span> <span class='ocrx_word' id='word_1_138' title='bbox 1016 1911 1090 1952; x_wconf 83' lang='lat' dir='ltr'>casu</span> <span class='ocrx_word' id='word_1_139' title='bbox 1105 1908 1235 1954; x_wconf 88' lang='lat' dir='ltr'>suarum</span> <span class='ocrx_word' id='word_1_140' title='bbox 1250 1899 1318 1952; x_wconf 81' lang='lat' dir='ltr'>onr-</span> 
     </span>
     <span class='ocr_line' id='line_1_19' title="bbox 224 1973 1320 2044; baseline -0.004 0"><span class='ocrx_word' id='word_1_141' title='bbox 224 1978 312 2044; x_wconf 82' lang='lat' dir='ltr'>nimn</span> <span class='ocrx_word' id='word_1_142' title='bbox 339 1978 544 2043; x_wconf 83' lang='lat' dir='ltr'>fortunarum</span> <span class='ocrx_word' id='word_1_143' title='bbox 564 1986 716 2041; x_wconf 77' lang='lat' dir='ltr'>eventum</span> <span class='ocrx_word' id='word_1_144' title='bbox 737 1976 907 2041; x_wconf 79' lang='lat' dir='ltr'>consistere</span> <span class='ocrx_word' id='word_1_145' title='bbox 921 1975 1130 2040; x_wconf 84' lang='lat' dir='ltr'>existimaret.</span> <span class='ocrx_word' id='word_1_146' title='bbox 1177 1973 1262 2041; x_wconf 85' lang='lat' dir='ltr'>Nam</span> <span class='ocrx_word' id='word_1_147' title='bbox 1283 1983 1320 2040; x_wconf 81' lang='lat' dir='ltr'>et</span> 
     </span>
     <span class='ocr_line' id='line_1_20' title="bbox 224 2061 1317 2170; baseline -0.003 -40"><span class='ocrx_word' id='word_1_148' title='bbox 224 2064 347 2152; x_wconf 83' lang='lat' dir='ltr'>honesti</span> <span class='ocrx_word' id='word_1_149' title='bbox 360 2087 401 2128; x_wconf 89' lang='lat' dir='ltr'>ex</span> <span class='ocrx_word' id='word_1_150' title='bbox 412 2064 596 2170; x_wconf 79' lang='lat' dir='ltr'>juventute,</span> <span class='ocrx_word' id='word_1_151' title='bbox 613 2070 647 2128; x_wconf 89' lang='lat' dir='ltr'>et</span> <span class='ocrx_word' id='word_1_152' title='bbox 661 2064 818 2166; x_wconf 77' lang='lat' dir='ltr'>cujusque</span> <span class='ocrx_word' id='word_1_153' title='bbox 832 2063 934 2129; x_wconf 82' lang='lat' dir='ltr'>aetatis</span> <span class='ocrx_word' id='word_1_154' title='bbox 956 2061 1153 2150; x_wconf 81' lang='lat' dir='ltr'>amplissimi,</span> <span class='ocrx_word' id='word_1_155' title='bbox 1175 2062 1317 2127; x_wconf 64' lang='lat' dir='ltr'>uomina</span> 
     </span>
     <span class='ocr_line' id='line_1_21' title="bbox 224 2146 1317 2238; baseline -0.005 -21"><span class='ocrx_word' id='word_1_156' title='bbox 224 2153 284 2217; x_wconf 83' lang='lat' dir='ltr'>iim</span> <span class='ocrx_word' id='word_1_157' title='bbox 298 2151 423 2219; x_wconf 88' lang='lat' dir='ltr'>evocatr</span> <span class='ocrx_word' id='word_1_158' title='bbox 435 2157 533 2238; x_wconf 78' lang='lat' dir='ltr'>atque</span> <span class='ocrx_word' id='word_1_159' title='bbox 548 2151 719 2224; x_wconf 77' lang='lat' dir='ltr'>obsecratr,</span> <span class='ocrx_word' id='word_1_160' title='bbox 736 2173 832 2214; x_wconf 87' lang='lat' dir='ltr'>naves</span> <span class='ocrx_word' id='word_1_161' title='bbox 845 2149 1114 2220; x_wconf 75' lang='lat' dir='ltr'>conscenderantt</span> <span class='ocrx_word' id='word_1_162' title='bbox 1130 2159 1180 2224; x_wconf 91' lang='lat' dir='ltr'>ut,</span> <span class='ocrx_word' id='word_1_163' title='bbox 1194 2149 1220 2213; x_wconf 92' lang='lat' dir='ltr'>si</span> <span class='ocrx_word' id='word_1_164' title='bbox 1235 2146 1317 2236; x_wconf 90' lang='lat' dir='ltr'>quid</span> 
     </span>
     <span class='ocr_line' id='line_1_22' title="bbox 225 2234 1318 2340; baseline -0.004 -36"><span class='ocrx_word' id='word_1_165' title='bbox 225 2237 352 2304; x_wconf 83' lang='lat' dir='ltr'>adversi</span> <span class='ocrx_word' id='word_1_166' title='bbox 378 2235 556 2311; x_wconf 86' lang='lat' dir='ltr'>accidisset,</span> <span class='ocrx_word' id='word_1_167' title='bbox 583 2259 624 2301; x_wconf 91' lang='lat' dir='ltr'>ne</span> <span class='ocrx_word' id='word_1_168' title='bbox 649 2238 690 2301; x_wconf 88' lang='lat' dir='ltr'>ad</span> <span class='ocrx_word' id='word_1_169' title='bbox 715 2236 896 2302; x_wconf 88' lang='lat' dir='ltr'>conandum</span> <span class='ocrx_word' id='word_1_170' title='bbox 917 2235 1049 2324; x_wconf 91' lang='lat' dir='ltr'>quidem</span> <span class='ocrx_word' id='word_1_171' title='bbox 1064 2235 1123 2300; x_wconf 88' lang='lat' dir='ltr'>sibi</span> <span class='ocrx_word' id='word_1_172' title='bbox 1139 2234 1318 2340; x_wconf 79' lang='lat' dir='ltr'>quidquam</span> 
     </span>
     <span class='ocr_line' id='line_1_23' title="bbox 225 2321 1319 2412; baseline -0.003 -22"><span class='ocrx_word' id='word_1_173' title='bbox 225 2324 340 2412; x_wconf 81' lang='lat' dir='ltr'>reliqui</span> <span class='ocrx_word' id='word_1_174' title='bbox 354 2324 425 2389; x_wconf 85' lang='lat' dir='ltr'>ibre</span> <span class='ocrx_word' id='word_1_175' title='bbox 436 2323 584 2396; x_wconf 85' lang='lat' dir='ltr'>viderent</span> <span class='ocrx_word' id='word_1_176' title='bbox 598 2345 606 2398; x_wconf 91' lang='grc'>;</span> <span class='ocrx_word' id='word_1_177' title='bbox 628 2323 654 2388; x_wconf 91' lang='lat' dir='ltr'>si</span> <span class='ocrx_word' id='word_1_178' title='bbox 667 2323 915 2409; x_wconf 85' lang='lat' dir='ltr'>superavissent,</span> <span class='ocrx_word' id='word_1_179' title='bbox 929 2323 981 2386; x_wconf 89' lang='lat' dir='ltr'>vei</span> <span class='ocrx_word' id='word_1_180' title='bbox 995 2321 1176 2386; x_wconf 75' lang='lat' dir='ltr'>dunesticu</span> <span class='ocrx_word' id='word_1_181' title='bbox 1189 2321 1319 2408; x_wconf 77' lang='lat' dir='ltr'>opibus,</span> 
     </span>
     <span class='ocr_line' id='line_1_24' title="bbox 226 2407 1084 2483; baseline -0.007 -8"><span class='ocrx_word' id='word_1_182' title='bbox 226 2409 278 2476; x_wconf 73' lang='lat' dir='ltr'>tel</span> <span class='ocrx_word' id='word_1_183' title='bbox 292 2410 430 2474; x_wconf 81' lang='lat' dir='ltr'>externis</span> <span class='ocrx_word' id='word_1_184' title='bbox 445 2409 583 2483; x_wconf 77' lang='lat' dir='ltr'>auxiliis,</span> <span class='ocrx_word' id='word_1_185' title='bbox 595 2409 637 2473; x_wconf 92' lang='lat' dir='ltr'>de</span> <span class='ocrx_word' id='word_1_186' title='bbox 650 2411 755 2474; x_wconf 86' lang='lat' dir='ltr'>salute</span> <span class='ocrx_word' id='word_1_187' title='bbox 770 2410 860 2476; x_wconf 86' lang='lat' dir='ltr'>urbis</span> <span class='ocrx_word' id='word_1_188' title='bbox 874 2407 1084 2474; x_wconf 84' lang='lat' dir='ltr'>confiderent.</span> 
     </span>
    </p>

    <p class='ocr_par' dir='ltr' id='par_1_6' title="bbox 224 2491 1412 3016">
     <span class='ocr_line' id='line_1_25' title="bbox 267 2491 1318 2583; baseline -0.001 -22"><span class='ocrx_word' id='word_1_189' title='bbox 267 2496 301 2561; x_wconf 74' lang='grc'>6.</span> <span class='ocrx_word' id='word_1_190' title='bbox 324 2495 500 2562; x_wconf 79' lang='lat' dir='ltr'>commisso</span> <span class='ocrx_word' id='word_1_191' title='bbox 521 2496 650 2583; x_wconf 85' lang='lat' dir='ltr'>proelio,</span> <span class='ocrx_word' id='word_1_192' title='bbox 666 2496 916 2561; x_wconf 81' lang='lat' dir='ltr'>Massiliensibus</span> <span class='ocrx_word' id='word_1_193' title='bbox 932 2519 981 2560; x_wconf 89' lang='lat' dir='ltr'>res</span> <span class='ocrx_word' id='word_1_194' title='bbox 996 2494 1086 2559; x_wconf 82' lang='lat' dir='ltr'>n&#39;ull&#39;a</span> <span class='ocrx_word' id='word_1_195' title='bbox 1106 2491 1147 2562; x_wconf 79' lang='lat' dir='ltr'>sd</span> <span class='ocrx_word' id='word_1_196' title='bbox 1161 2493 1318 2560; x_wconf 80' lang='lat' dir='ltr'>virtutem</span> 
     </span>
     <span class='ocr_line' id='line_1_26' title="bbox 225 2579 1320 2671; baseline -0.005 -20"><span class='ocrx_word' id='word_1_197' title='bbox 225 2583 350 2651; x_wconf 81' lang='lat' dir='ltr'>defuit:</span> <span class='ocrx_word' id='word_1_198' title='bbox 374 2582 429 2648; x_wconf 85' lang='lat' dir='ltr'>sed</span> <span class='ocrx_word' id='word_1_199' title='bbox 452 2603 609 2648; x_wconf 87' lang='lat' dir='ltr'>memores</span> <span class='ocrx_word' id='word_1_200' title='bbox 634 2604 744 2648; x_wconf 90' lang='lat' dir='ltr'>eorum</span> <span class='ocrx_word' id='word_1_201' title='bbox 760 2593 1009 2671; x_wconf 73' lang='lat' dir='ltr'>praeceptorum,</span> <span class='ocrx_word' id='word_1_202' title='bbox 1034 2594 1107 2668; x_wconf 71' lang='lat' dir='ltr'>que</span> <span class='ocrx_word' id='word_1_203' title='bbox 1162 2579 1320 2646; x_wconf 84' lang='lat' dir='ltr'>ulloattte</span> 
     </span>
     <span class='ocr_line' id='line_1_27' title="bbox 224 2665 1319 2757; baseline -0.005 -19"><span class='ocrx_word' id='word_1_204' title='bbox 224 2672 268 2740; x_wconf 84' lang='lat' dir='ltr'>&#39;ab</span> <span class='ocrx_word' id='word_1_205' title='bbox 277 2670 343 2741; x_wconf 79' lang='lat' dir='ltr'>stris</span> <span class='ocrx_word' id='word_1_206' title='bbox 357 2677 560 2757; x_wconf 85' lang='lat' dir='ltr'>acceperant,</span> <span class='ocrx_word' id='word_1_207' title='bbox 575 2667 635 2734; x_wconf 87' lang='lat' dir='ltr'>hoo</span> <span class='ocrx_word' id='word_1_208' title='bbox 650 2671 755 2734; x_wconf 90' lang='lat' dir='ltr'>animo</span> <span class='ocrx_word' id='word_1_209' title='bbox 769 2669 991 2744; x_wconf 85' lang='lat' dir='ltr'>decertabant,</span> <span class='ocrx_word' id='word_1_210' title='bbox 1019 2680 1057 2732; x_wconf 92' lang='lat' dir='ltr'>ut</span> <span class='ocrx_word' id='word_1_211' title='bbox 1083 2689 1126 2732; x_wconf 90' lang='lat' dir='ltr'>nu</span> <span class='ocrx_word' id='word_1_212' title='bbox 1140 2667 1208 2732; x_wconf 87' lang='lat' dir='ltr'>lunt</span> <span class='ocrx_word' id='word_1_213' title='bbox 1226 2665 1319 2733; x_wconf 84' lang='lat' dir='ltr'>aliud</span> 
     </span>
     <span class='ocr_line' id='line_1_28' title="bbox 227 2753 1321 2848; baseline -0.005 -24"><span class='ocrx_word' id='word_1_214' title='bbox 227 2755 591 2848; x_wconf 85' lang='lat' dir='ltr'>tempusadconandum</span> <span class='ocrx_word' id='word_1_215' title='bbox 601 2754 744 2824; x_wconf 85' lang='lat' dir='ltr'>habituri</span> <span class='ocrx_word' id='word_1_216' title='bbox 754 2754 953 2831; x_wconf 87' lang='lat' dir='ltr'>viderentur,</span> <span class='ocrx_word' id='word_1_217' title='bbox 969 2768 1013 2830; x_wconf 87' lang='lat' dir='ltr'>et,</span> <span class='ocrx_word' id='word_1_218' title='bbox 1027 2755 1147 2842; x_wconf 88' lang='lat' dir='ltr'>quibus</span> <span class='ocrx_word' id='word_1_219' title='bbox 1159 2753 1190 2818; x_wconf 89' lang='lat' dir='ltr'>in</span> <span class='ocrx_word' id='word_1_220' title='bbox 1208 2767 1321 2843; x_wconf 75' lang='lat' dir='ltr'>pugna</span> 
     </span>
     <span class='ocr_line' id='line_1_29' title="bbox 226 2839 1412 2935; baseline -0.003 -26"><span class='ocrx_word' id='word_1_221' title='bbox 226 2845 301 2911; x_wconf 77' lang='lat' dir='ltr'>vitae</span> <span class='ocrx_word' id='word_1_222' title='bbox 332 2842 513 2935; x_wconf 85' lang='lat' dir='ltr'>periculum</span> <span class='ocrx_word' id='word_1_223' title='bbox 540 2841 713 2919; x_wconf 90' lang='lat' dir='ltr'>accideret,</span> <span class='ocrx_word' id='word_1_224' title='bbox 752 2864 813 2909; x_wconf 92' lang='lat' dir='ltr'>non</span> <span class='ocrx_word' id='word_1_225' title='bbox 844 2845 890 2907; x_wconf 85' lang='lat' dir='ltr'>ita</span> <span class='ocrx_word' id='word_1_226' title='bbox 918 2841 1022 2907; x_wconf 88' lang='lat' dir='ltr'>multo</span> <span class='ocrx_word' id='word_1_227' title='bbox 1055 2865 1088 2906; x_wconf 91' lang='lat' dir='ltr'>se</span> <span class='ocrx_word' id='word_1_228' title='bbox 1118 2839 1319 2928; x_wconf 82' lang='lat' dir='ltr'>reliquerunt</span> <span class='ocrx_word' id='word_1_229' title='bbox 1402 2841 1412 2845; x_wconf 72' lang='grc'><strong>”</strong></span> 
     </span>
     <span class='ocr_line' id='line_1_30' title="bbox 225 2927 1320 3016; baseline -0.005 -20"><span class='ocrx_word' id='word_1_230' title='bbox 225 2931 344 2996; x_wconf 79' lang='lat' dir='ltr'>uirium</span> <span class='ocrx_word' id='word_1_231' title='bbox 365 2931 470 2994; x_wconf 85' lang='lat' dir='ltr'>fatum</span> <span class='ocrx_word' id='word_1_232' title='bbox 490 2931 677 2996; x_wconf 86' lang='lat' dir='ltr'>antecedere</span> <span class='ocrx_word' id='word_1_233' title='bbox 698 2929 929 3006; x_wconf 86' lang='lat' dir='ltr'>existimarent,</span> <span class='ocrx_word' id='word_1_234' title='bbox 976 2929 1083 3002; x_wconf 88' lang='lat' dir='ltr'>uibus,</span> <span class='ocrx_word' id='word_1_235' title='bbox 1106 2927 1189 2991; x_wconf 88' lang='lat' dir='ltr'>urbe</span> <span class='ocrx_word' id='word_1_236' title='bbox 1209 2937 1320 3016; x_wconf 72' lang='lat' dir='ltr'>captia,</span> 
     </span>
    </p>
   </div>
   <div class='ocr_carea' id='block_1_5' title="bbox 122 3013 1324 3102">
    <p class='ocr_par' dir='ltr' id='par_1_7' title="bbox 122 3013 1324 3102">
     <span class='ocr_line' id='line_1_31' title="bbox 122 3013 1324 3102; baseline -0.004 -17"><span class='ocrx_word' id='word_1_237' title='bbox 122 3053 129 3062; x_wconf 93' lang='lat'><strong>·</strong></span> <span class='ocrx_word' id='word_1_238' title='bbox 225 3019 337 3085; x_wconf 83' lang='lat' dir='ltr'>eadem</span> <span class='ocrx_word' id='word_1_239' title='bbox 364 3029 447 3082; x_wconf 87' lang='lat' dir='ltr'>esset</span> <span class='ocrx_word' id='word_1_240' title='bbox 479 3015 558 3082; x_wconf 91' lang='lat' dir='ltr'>belii</span> <span class='ocrx_word' id='word_1_241' title='bbox 586 3017 717 3089; x_wconf 88' lang='lat' dir='ltr'>fortuna</span> <span class='ocrx_word' id='word_1_242' title='bbox 788 3015 907 3082; x_wconf 88' lang='lat' dir='ltr'>tienda.</span> <span class='ocrx_word' id='word_1_243' title='bbox 996 3013 1176 3102; x_wconf 87' lang='lat' dir='ltr'>iductisque</span> <span class='ocrx_word' id='word_1_244' title='bbox 1204 3013 1324 3080; x_wconf 83' lang='lat' dir='ltr'>nostris</span> 
     </span>
    </p>
   </div>
   <div class='ocr_carea' id='block_1_6' title="bbox 226 3099 1321 3277">
    <p class='ocr_par' dir='ltr' id='par_1_8' title="bbox 226 3099 1321 3277">
     <span class='ocr_line' id='line_1_32' title="bbox 226 3099 1321 3256; baseline -0.004 -86"><span class='ocrx_word' id='word_1_245' title='bbox 226 3103 396 3198; x_wconf 74' lang='lat' dir='ltr'>paullatim</span> <span class='ocrx_word' id='word_1_246' title='bbox 424 3103 570 3180; x_wconf 82' lang='lat' dir='ltr'>navibus,</span> <span class='ocrx_word' id='word_1_247' title='bbox 614 3113 649 3169; x_wconf 90' lang='lat' dir='ltr'>et</span> <span class='ocrx_word' id='word_1_248' title='bbox 680 3103 743 3170; x_wconf 87' lang='lat' dir='ltr'>arti</span> <span class='ocrx_word' id='word_1_249' title='bbox 767 3105 823 3172; x_wconf 79' lang='lat' dir='ltr'>cic,</span> <span class='ocrx_word' id='word_1_250' title='bbox 844 3104 1109 3256; x_wconf 53' lang='lat' dir='ltr'>gubernatorum</span> <span class='ocrx_word' id='word_1_251' title='bbox 1145 3099 1321 3167; x_wconf 85' lang='lat' dir='ltr'>mobilitati</span> 
     </span>
     <span class='ocr_line' id='line_1_33' title="bbox 227 3184 1321 3277; baseline -0.007 -18"><span class='ocrx_word' id='word_1_252' title='bbox 227 3192 356 3260; x_wconf 85' lang='lat' dir='ltr'>navium</span> <span class='ocrx_word' id='word_1_253' title='bbox 377 3192 468 3257; x_wconf 89' lang='lat' dir='ltr'>locus</span> <span class='ocrx_word' id='word_1_254' title='bbox 487 3189 626 3256; x_wconf 84' lang='lat' dir='ltr'>dabatur</span> <span class='ocrx_word' id='word_1_255' title='bbox 650 3203 696 3268; x_wconf 87' lang='lat' dir='ltr'>et,</span> <span class='ocrx_word' id='word_1_256' title='bbox 715 3191 743 3258; x_wconf 90' lang='lat' dir='ltr'>si</span> <span class='ocrx_word' id='word_1_257' title='bbox 758 3213 843 3277; x_wconf 85' lang='lat' dir='ltr'>quan</span> <span class='ocrx_word' id='word_1_258' title='bbox 868 3215 887 3256; x_wconf 96' lang='lat' dir='ltr'>o</span> <span class='ocrx_word' id='word_1_259' title='bbox 909 3188 1010 3254; x_wconf 87' lang='lat' dir='ltr'>nostri</span> <span class='ocrx_word' id='word_1_260' title='bbox 1025 3184 1212 3252; x_wconf 68' lang='lat' dir='ltr'>benitatem</span> <span class='ocrx_word' id='word_1_261' title='bbox 1234 3187 1321 3254; x_wconf 81' lang='lat' dir='ltr'>nacti</span> 
     </span>
    </p>
   </div>
   <div class='ocr_carea' id='block_1_7' title="bbox 118 3271 1322 3366">
    <p class='ocr_par' dir='ltr' id='par_1_9' title="bbox 118 3271 1322 3366">
     <span class='ocr_line' id='line_1_34' title="bbox 118 3271 1322 3366; baseline -0.007 -18"><span class='ocrx_word' id='word_1_262' title='bbox 118 3293 122 3296; x_wconf 80' lang='grc'><strong>’</strong></span> <span class='ocrx_word' id='word_1_263' title='bbox 226 3280 340 3347; x_wconf 76' lang='lat' dir='ltr'>ferreis</span> <span class='ocrx_word' id='word_1_264' title='bbox 363 3276 510 3345; x_wconf 83' lang='lat' dir='ltr'>manibus</span> <span class='ocrx_word' id='word_1_265' title='bbox 537 3277 661 3366; x_wconf 86' lang='lat' dir='ltr'>injectis</span> <span class='ocrx_word' id='word_1_266' title='bbox 688 3301 801 3342; x_wconf 79' lang='lat' dir='ltr'>narem</span> <span class='ocrx_word' id='word_1_267' title='bbox 829 3276 1058 3366; x_wconf 81' lang='lat' dir='ltr'>religaveraut,</span> <span class='ocrx_word' id='word_1_268' title='bbox 1085 3271 1228 3360; x_wconf 86' lang='lat' dir='ltr'>undique</span> <span class='ocrx_word' id='word_1_269' title='bbox 1254 3273 1322 3340; x_wconf 87' lang='lat' dir='ltr'>suis</span> 
     </span>
    </p>
   </div>
   <div class='ocr_carea' id='block_1_8' title="bbox 225 3461 1326 3988">
    <p class='ocr_par' dir='ltr' id='par_1_10' title="bbox 225 3461 1326 3988">
     <span class='ocr_line' id='line_1_35' title="bbox 228 3461 1321 3531; baseline -0.008 -13"><span class='ocrx_word' id='word_1_270' title='bbox 228 3469 306 3518; x_wconf 84' lang='lat' dir='ltr'>tinum</span> <span class='ocrx_word' id='word_1_271' title='bbox 334 3464 502 3518; x_wconf 81' lang='lat' dir='ltr'>&#39;i&#39;elouensem</span> <span class='ocrx_word' id='word_1_272' title='bbox 529 3463 574 3517; x_wconf 85' lang='lat' dir='ltr'>ubi</span> <span class='ocrx_word' id='word_1_273' title='bbox 601 3481 669 3528; x_wconf 77' lang='lat' dir='ltr'>nunc</span> <span class='ocrx_word' id='word_1_274' title='bbox 696 3464 751 3516; x_wconf 77' lang='lat' dir='ltr'>bisi</span> <span class='ocrx_word' id='word_1_275' title='bbox 803 3475 853 3531; x_wconf 84' lang='lat' dir='ltr'>pet.</span> <span class='ocrx_word' id='word_1_276' title='bbox 886 3462 1163 3517; x_wconf 83' lang='lat' dir='ltr'>itaetCic.adDiv.l</span> <span class='ocrx_word' id='word_1_277' title='bbox 1192 3461 1321 3510; x_wconf 58' lang='lat' dir='ltr'>acates-</span> 
     </span>
     <span class='ocr_line' id='line_1_36' title="bbox 227 3496 1323 3601; baseline -0.011 -17"><span class='ocrx_word' id='word_1_278' title='bbox 227 3541 318 3601; x_wconf 73' lang='lat' dir='ltr'>portus</span> <span class='ocrx_word' id='word_1_279' title='bbox 326 3536 350 3582; x_wconf 82' lang='lat' dir='ltr'>ie</span> <span class='ocrx_word' id='word_1_280' title='bbox 360 3536 421 3582; x_wconf 81' lang='lat' dir='ltr'>bras</span> <span class='ocrx_word' id='word_1_281' title='bbox 431 3533 462 3582; x_wconf 83' lang='lat' dir='ltr'>ds</span> <span class='ocrx_word' id='word_1_282' title='bbox 474 3535 502 3583; x_wconf 79' lang='lat' dir='ltr'>S.</span> <span class='ocrx_word' id='word_1_283' title='bbox 514 3535 609 3596; x_wconf 72' lang='lat' dir='ltr'>Georoe</span> <span class='ocrx_word' id='word_1_284' title='bbox 617 3539 644 3580; x_wconf 89' lang='lat' dir='ltr'>et</span> <span class='ocrx_word' id='word_1_285' title='bbox 654 3531 752 3582; x_wconf 65' lang='lat' dir='ltr'>sums·</span> <span class='ocrx_word' id='word_1_286' title='bbox 797 3536 933 3596; x_wconf 54' lang='lat' dir='ltr'>matura,</span> <span class='ocrx_word' id='word_1_287' title='bbox 947 3535 969 3580; x_wconf 82' lang='lat' dir='ltr'>sr&#39;</span> <span class='ocrx_word' id='word_1_288' title='bbox 980 3529 1092 3578; x_wconf 68' lang='lat' dir='ltr'>(ludium</span> <span class='ocrx_word' id='word_1_289' title='bbox 1113 3526 1154 3576; x_wconf 79' lang='lat' dir='ltr'>ct.</span> <span class='ocrx_word' id='word_1_290' title='bbox 1164 3496 1253 3576; x_wconf 85' lang='lat' dir='ltr'>ilorat.</span> <span class='ocrx_word' id='word_1_291' title='bbox 1267 3521 1323 3599; x_wconf 64' lang='lat' dir='ltr'>Ep.</span> 
     </span>
     <span class='ocr_line' id='line_1_37' title="bbox 227 3587 1322 3662; baseline -0.013 -11"><span class='ocrx_word' id='word_1_292' title='bbox 227 3606 276 3651; x_wconf 82' lang='lat' dir='ltr'>aut.</span> <span class='ocrx_word' id='word_1_293' title='bbox 314 3600 489 3662; x_wconf 73' lang='lat' dir='ltr'>Waselisrpius</span> <span class='ocrx_word' id='word_1_294' title='bbox 505 3599 550 3657; x_wconf 84' lang='lat' dir='ltr'>(ad</span> <span class='ocrx_word' id='word_1_295' title='bbox 568 3595 688 3650; x_wconf 78' lang='lat' dir='ltr'>uotooio.</span> <span class='ocrx_word' id='word_1_296' title='bbox 710 3595 752 3648; x_wconf 88' lang='lat' dir='ltr'>iti·</span> <span class='ocrx_word' id='word_1_297' title='bbox 805 3601 862 3658; x_wconf 53' lang='grc' dir='ltr'>με,</span> <span class='ocrx_word' id='word_1_298' title='bbox 875 3599 897 3644; x_wconf 89' lang='grc'>6.</span> <span class='ocrx_word' id='word_1_299' title='bbox 909 3594 950 3645; x_wconf 90' lang='lat' dir='ltr'>ed.</span> <span class='ocrx_word' id='word_1_300' title='bbox 961 3593 1078 3646; x_wconf 85' lang='lat' dir='ltr'>Bentleii.</span> <span class='ocrx_word' id='word_1_301' title='bbox 1096 3587 1322 3644; x_wconf 79' lang='lat' dir='ltr'>Curtiusadi&#39;iur.</span> 
     </span>
     <span class='ocr_line' id='line_1_38' title="bbox 225 3657 1322 3790; baseline -0.015 -9"><span class='ocrx_word' id='word_1_302' title='bbox 225 3663 506 3781; x_wconf 53' lang='lat' dir='ltr'>“iaiiiti&#39;is</span> <span class='ocrx_word' id='word_1_303' title='bbox 524 3726 601 3777; x_wconf 71' lang='lat' dir='ltr'>coss.</span> <span class='ocrx_word' id='word_1_304' title='bbox 630 3725 682 3776; x_wconf 74' lang='lat' dir='ltr'>arn</span> <span class='ocrx_word' id='word_1_305' title='bbox 692 3727 751 3790; x_wconf 69' lang='lat' dir='ltr'>sa-</span> <span class='ocrx_word' id='word_1_306' title='bbox 800 3657 1322 3790; x_wconf 57' lang='lat' dir='ltr'>ii,.¹ti.&#39;iiiisli¹.¹li‘o‘i⁸.‘t,⁵i⁰‘⁵⁸·</span> 
     </span>
     <span class='ocr_line' id='line_1_39' title="bbox 229 3785 1323 3850; baseline -0.012 -6"><span class='ocrx_word' id='word_1_307' title='bbox 229 3804 298 3846; x_wconf 77' lang='lat' dir='ltr'>rant.</span> <span class='ocrx_word' id='word_1_308' title='bbox 834 3793 967 3843; x_wconf 73' lang='lat' dir='ltr'>Commisso</span> <span class='ocrx_word' id='word_1_309' title='bbox 1038 3785 1240 3850; x_wconf 84' lang='lat' dir='ltr'>&#39;,intereadum</span> <span class='ocrx_word' id='word_1_310' title='bbox 1250 3798 1323 3832; x_wconf 84' lang='lat' dir='ltr'>com-</span> 
     </span>
     <span class='ocr_line' id='line_1_40' title="bbox 263 3853 1105 3919; baseline -0.013 -8"><span class='ocrx_word' id='word_1_311' title='bbox 263 3862 372 3911; x_wconf 70' lang='lat' dir='ltr'>Antra.</span> <span class='ocrx_word' id='word_1_312' title='bbox 391 3859 432 3910; x_wconf 88' lang='lat' dir='ltr'>Ci.</span> <span class='ocrx_word' id='word_1_313' title='bbox 446 3861 467 3919; x_wconf 91' lang='lat' dir='ltr'>i,</span> <span class='ocrx_word' id='word_1_314' title='bbox 479 3861 520 3908; x_wconf 77' lang='grc'>36.</span> <span class='ocrx_word' id='word_1_315' title='bbox 537 3856 575 3908; x_wconf 79' lang='grc' dir='ltr'>Μ.</span> <span class='ocrx_word' id='word_1_316' title='bbox 800 3855 908 3906; x_wconf 89' lang='lat' dir='ltr'>mittitur</span> <span class='ocrx_word' id='word_1_317' title='bbox 916 3870 970 3919; x_wconf 83' lang='lat' dir='ltr'>ptoe</span> <span class='ocrx_word' id='word_1_318' title='bbox 983 3853 1044 3902; x_wconf 85' lang='lat' dir='ltr'>inm.</span> <span class='ocrx_word' id='word_1_319' title='bbox 1067 3853 1105 3901; x_wconf 81' lang='grc' dir='ltr'>Μ.</span> 
     </span>
     <span class='ocr_line' id='line_1_41' title="bbox 265 3913 1326 3988; baseline -0.01 -10"><span class='ocrx_word' id='word_1_320' title='bbox 265 3929 459 3988; x_wconf 57' lang='lat' dir='ltr'>mata,</span> <span class='ocrx_word' id='word_1_321' title='bbox 469 3933 593 3974; x_wconf 86' lang='lat' dir='ltr'>senectus.</span> <span class='ocrx_word' id='word_1_322' title='bbox 617 3923 656 3971; x_wconf 92' lang='grc' dir='ltr'>Μ.</span> <span class='ocrx_word' id='word_1_323' title='bbox 673 3922 751 3986; x_wconf 78' lang='lat' dir='ltr'>Apul.</span> <span class='ocrx_word' id='word_1_324' title='bbox 833 3924 1028 3984; x_wconf 68' lang='lat' dir='ltr'>Praeceptorrua.</span> <span class='ocrx_word' id='word_1_325' title='bbox 1048 3917 1109 3967; x_wconf 81' lang='lat' dir='ltr'>Sunt</span> <span class='ocrx_word' id='word_1_326' title='bbox 1119 3913 1326 3968; x_wconf 75' lang='lat' dir='ltr'>adhortationes.</span> 
     </span>
    </p>
   </div>
   <div class='ocr_carea' id='block_1_9' title="bbox 147 3981 1091 4050">
    <p class='ocr_par' dir='ltr' id='par_1_11' title="bbox 147 3981 1091 4050">
     <span class='ocr_line' id='line_1_42' title="bbox 147 3981 1091 4050; baseline -0.01 -9"><span class='ocrx_word' id='word_1_327' title='bbox 147 3996 156 4008; x_wconf 90' lang='lat'><em>&#39;</em></span> <span class='ocrx_word' id='word_1_328' title='bbox 230 3981 615 4050; x_wconf 78' lang='lat' dir='ltr'>bietam.l.altr&#39;oresa,Tertuii.</span> <span class='ocrx_word' id='word_1_329' title='bbox 636 3987 754 4050; x_wconf 78' lang='lat' dir='ltr'>Apol-c.</span> <span class='ocrx_word' id='word_1_330' title='bbox 799 3986 1031 4049; x_wconf 79' lang='lat' dir='ltr'>dequibuscap.4.</span> <span class='ocrx_word' id='word_1_331' title='bbox 1055 3983 1091 4032; x_wconf 89' lang='lat' dir='ltr'>M.</span> 
     </span>
    </p>
   </div>
   <div class='ocr_carea' id='block_1_10' title="bbox 230 4045 1324 4316">
    <p class='ocr_par' dir='ltr' id='par_1_12' title="bbox 230 4045 1324 4316">
     <span class='ocr_line' id='line_1_43' title="bbox 230 4045 1324 4116; baseline -0.011 -10"><span class='ocrx_word' id='word_1_332' title='bbox 230 4053 623 4116; x_wconf 46' lang='lat' dir='ltr'>aspernamentum„</span> <span class='ocrx_word' id='word_1_333' title='bbox 834 4051 1005 4113; x_wconf 68' lang='lat' dir='ltr'>numaeque.</span> <span class='ocrx_word' id='word_1_334' title='bbox 1035 4045 1324 4098; x_wconf 85' lang='lat' dir='ltr'>SicOudend.ecodd.</span> 
     </span>
     <span class='ocr_line' id='line_1_44' title="bbox 264 4111 1222 4186; baseline -0.013 -16"><span class='ocrx_word' id='word_1_335' title='bbox 264 4121 403 4170; x_wconf 60' lang='lat' dir='ltr'>Meum.</span> <span class='ocrx_word' id='word_1_336' title='bbox 423 4117 464 4167; x_wconf 88' lang='lat' dir='ltr'>Sic</span> <span class='ocrx_word' id='word_1_337' title='bbox 475 4121 585 4168; x_wconf 82' lang='lat' dir='ltr'>etc.1⁴.</span> <span class='ocrx_word' id='word_1_338' title='bbox 799 4126 825 4164; x_wconf 89' lang='lat' dir='ltr'>et</span> <span class='ocrx_word' id='word_1_339' title='bbox 836 4118 894 4164; x_wconf 87' lang='lat' dir='ltr'>eod.</span> <span class='ocrx_word' id='word_1_340' title='bbox 905 4122 954 4164; x_wconf 81' lang='lat' dir='ltr'>ret.</span> <span class='ocrx_word' id='word_1_341' title='bbox 968 4111 1050 4176; x_wconf 71' lang='lat' dir='ltr'>Vulgo</span> <span class='ocrx_word' id='word_1_342' title='bbox 1059 4113 1222 4186; x_wconf 65' lang='lat' dir='ltr'>deducetisque.</span> 
     </span>
     <span class='ocr_line' id='line_1_45' title="bbox 266 4177 1324 4243; baseline -0.009 -9"><span class='ocrx_word' id='word_1_343' title='bbox 266 4185 379 4243; x_wconf 76' lang='lat' dir='ltr'>Honesti,</span> <span class='ocrx_word' id='word_1_344' title='bbox 387 4182 578 4233; x_wconf 78' lang='lat' dir='ltr'>nobiliiamiiia</span> <span class='ocrx_word' id='word_1_345' title='bbox 586 4180 645 4232; x_wconf 87' lang='lat' dir='ltr'>orti.</span> <span class='ocrx_word' id='word_1_346' title='bbox 667 4181 705 4228; x_wconf 90' lang='grc' dir='ltr'>Μ.</span> <span class='ocrx_word' id='word_1_347' title='bbox 834 4183 932 4232; x_wconf 76' lang='lat' dir='ltr'>Farreis</span> <span class='ocrx_word' id='word_1_348' title='bbox 938 4179 1063 4229; x_wconf 76' lang='lat' dir='ltr'>mnibus.</span> <span class='ocrx_word' id='word_1_349' title='bbox 1072 4193 1097 4226; x_wconf 83' lang='lat' dir='ltr'>v·</span> <span class='ocrx_word' id='word_1_350' title='bbox 1109 4177 1162 4226; x_wconf 88' lang='lat' dir='ltr'>lud.</span> <span class='ocrx_word' id='word_1_351' title='bbox 1173 4190 1197 4228; x_wconf 85' lang='lat' dir='ltr'>ru</span> <span class='ocrx_word' id='word_1_352' title='bbox 1205 4177 1324 4243; x_wconf 62' lang='lat' dir='ltr'>harpaga</span> 
     </span>
     <span class='ocr_line' id='line_1_46' title="bbox 266 4242 989 4316; baseline -0.006 -18"><span class='ocrx_word' id='word_1_353' title='bbox 266 4251 294 4298; x_wconf 65' lang='grc' dir='ltr'><strong>Μ</strong></span> <span class='ocrx_word' id='word_1_354' title='bbox 312 4252 502 4312; x_wconf 69' lang='lat' dir='ltr'>upemctessnt.</span> <span class='ocrx_word' id='word_1_355' title='bbox 535 4246 620 4296; x_wconf 81' lang='lat' dir='ltr'>Daris.</span> <span class='ocrx_word' id='word_1_356' title='bbox 637 4242 749 4294; x_wconf 70' lang='lat' dir='ltr'>uniebat</span> <span class='ocrx_word' id='word_1_357' title='bbox 797 4255 932 4316; x_wconf 69' lang='lat' dir='ltr'>stancona.</span> <span class='ocrx_word' id='word_1_358' title='bbox 952 4243 989 4294; x_wconf 89' lang='grc' dir='ltr'>Μ.</span> 
     </span>
    </p>
   </div>
   <div class='ocr_carea' id='block_1_11' title="bbox 113 4308 749 4374">
    <p class='ocr_par' dir='ltr' id='par_1_13' title="bbox 113 4308 749 4374">
     <span class='ocr_line' id='line_1_47' title="bbox 113 4308 749 4374; baseline -0.016 -7"><span class='ocrx_word' id='word_1_359' title='bbox 113 4308 117 4318; x_wconf 83' lang='grc'><strong>’</strong></span> <span class='ocrx_word' id='word_1_360' title='bbox 229 4317 278 4374; x_wconf 69' lang='grc' dir='ltr'>εἰη,</span> <span class='ocrx_word' id='word_1_361' title='bbox 293 4314 338 4363; x_wconf 89' lang='lat' dir='ltr'>sed</span> <span class='ocrx_word' id='word_1_362' title='bbox 354 4320 437 4362; x_wconf 74' lang='lat' dir='ltr'>nourr</span> <span class='ocrx_word' id='word_1_363' title='bbox 447 4318 473 4361; x_wconf 89' lang='lat' dir='ltr'>et</span> <span class='ocrx_word' id='word_1_364' title='bbox 483 4311 546 4362; x_wconf 83' lang='lat' dir='ltr'>aiibi</span> <span class='ocrx_word' id='word_1_365' title='bbox 557 4311 583 4359; x_wconf 75' lang='lat' dir='ltr'>si</span> <span class='ocrx_word' id='word_1_366' title='bbox 592 4316 614 4358; x_wconf 79' lang='lat' dir='ltr'>si</span> <span class='ocrx_word' id='word_1_367' title='bbox 625 4309 662 4359; x_wconf 88' lang='lat' dir='ltr'>sic</span> <span class='ocrx_word' id='word_1_368' title='bbox 678 4325 749 4358; x_wconf 88' lang='lat' dir='ltr'>usur·</span> 
     </span>
    </p>
   </div>
   <div class='ocr_carea' id='block_1_12' title="bbox 0 0 1469 4809">
    <p class='ocr_par' dir='ltr' id='par_1_14' title="bbox 0 0 1469 4809">
     <span class='ocr_line' id='line_1_48' title="bbox 0 0 1469 4809; baseline 0 0"><span class='ocrx_word' id='word_1_369' title='bbox 0 0 1469 4809; x_wconf 95' lang='lat' dir='ltr'> </span> 
     </span>
    </p>
   </div>
  </div>
 </body>
</html>
