2909 4809
417 261 506 334 ma
518 258 593 332 ιιι.
639 263 745 331 oar.
772 262 846 342 ιοιι,
873 265 945 332 105.
1175 251 1244 336 ιιι

195 447 267 515 106.
291 448 414 526 Qasr,
429 473 532 540 quum
550 450 589 516 in·
599 449 710 518 Asiam
724 452 873 526 venisset,
889 449 1094 540 reperiebat,¹
1107 450 1148 518 T.
1166 453 1245 518 Am·

143 535 239 626 pium
252 548 405 603 conatum
418 533 486 603 ade
500 538 616 603 tollere
630 541 780 626 pecunias
805 537 935 628 Epheso
961 562 1001 604 ex
1021 539 1097 605 fano
1118 539 1244 622 Dianae,

144 623 281 712 ejusque
295 624 341 690 rei
355 648 464 690 caussa
480 626 653 691 Senatores
668 649 777 692 omnes
792 650 831 691 ex
845 627 1012 714 provincia
1026 650 1184 703 evocasse,
1206 640 1245 694 ut

114 775 119 785 ,
143 710 184 779 iis
199 711 335 777 testibus
349 712 382 777 in
405 736 527 779 summa
551 713 696 801 pecuniae
721 723 892 790 uteretur;
914 712 973 780 sed
999 713 1246 803 interpellatum

143 796 290 864 adventu
304 799 442 865 Caesaris'
452 799 643 887 profugisse.
688 798 741 865 Ita
762 799 891 866 duobus
914 800 1114 888 temporibus
1137 801 1165 866 E
1192 799 1247 866 he-

143 885 199 950 siae
210 885 354 973 pecunia
369 887 476 952 Caesar
496 887 652 952 auxilium
670 886 758 952 tulit.
804 885 888 952 Item
902 887 1084 963 constabat,
1099 825 1195 953 Elidi
1211 887 1245 952 in

143 972 271 1123 templo
287 971 457 1051 Minerva,
473 973 623 1061 repetitis
637 983 737 1060 atque
751 974 946 1066 enumeratis
959 973 1086 1051 diebus,
1108 999 1175 1062 quo
1190 972 1245 1040 die

144 1081 218 1147 proe
232 1059 301 1124 ium
326 1058 503 1126 secundum
530 1059 656 1126 fecisset
687 1060 808 1137 Caesar,
845 1059 1050 1127 simulacrum
1077 1061 1244 1137 Victoriae‚

143 1144 237 1246 quod
263 1157 339 1211 ante
365 1147 377 1212 i
416 1169 468 1211 am
498 1146 683 1213 Minervam
710 1149 916 1214 conlocatum
941 1158 1012 1214 erat
1037 1161 1072 1214 et
1099 1161 1174 1214 ante
1201 1148 1245 1214 ad

131 1232 354 1300 simulacrum
418 1233 536 1300 inervaa
560 1230 744 1323 spectabat,
769 1234 811 1300 ad
831 1236 941 1302 valvas
955 1259 988 1300 se
1003 1247 1070 1300 tem
1095 1235 1245 1306 lilimen-

143 1341 211 1406 qua
242 1321 449 1386 convertisse.
495 1320 684 1409 Eodemque
712 1321 767 1387 die
796 1321 975 1388 Antiochiae
1001 1323 1035 1388 in
1071 1260 1168 1412 lyris
1194 1321 1246 1408 bjs

143 1417 256 1472 tantus
272 1406 562 1474 exercitusclamor
577 1421 610 1474 et
624 1409 791 1496 signorum
813 1433 908 1475 sonus
932 1409 1101 1476 exauditus
1124 1419 1184 1486 est,
1207 1419 1247 1474 ut

142 1493 180 1558 in
199 1494 298 1560 muris
311 1506 437 1560 armata
450 1494 564 1562 civitas
578 1495 796 1572 discurreret.
845 1495 918 1562 Hoc
940 1497 1027 1562 idem
1045 1495 1247 1561 Ptolemaide

143 1580 275 1646 accidit.
323 1580 388 1646 Per
411 1582 475 1648 ami
509 1583 543 1647 in
578 1584 713 1649 occultis
748 1607 786 1649 ac
822 1583 995 1649 reconditis
1009 1584 1150 1692 ,templi
1178 1605 1244 1670 quo

143 1681 265 1757 prater
288 1607 482 1735 Sacerdotes
504 1663 595 1735 adire
617 1670 665 1736 fas
688 1682 840 1746 nonest,
892 1695 940 1735 uae
960 1669 1067 1736 Graeci
1083 1673 1178 1734 alosa
1192 1669 1247 1736 ad-
1339 1738 1343 1744 ,

189 1753 284 1831 llant,
313 1767 467 1845 tympana
494 1770 682 1823 sonuerunt.
741 1695 1020 1823 Item'lballibus
1056 1756 1090 1820 in
1123 1757 1246 1844 templo

180 1841 314 1917 istoriae,
325 1842 383 1907 ubi
400 1843 533 1909 Caesaris
548 1856 978 1920 statuam‘consecraverant,
994 1842 1102 1932 palma
1118 1866 1177 1930 per
1192 1867 1245 1909 eos

142 1926 215 1994 dies
228 1929 262 2082 ip
276 1941 366 2082 tBepto
377 1929 462 1996 inter
468 1944 662 2020 coagmenta
676 1931 824 2020 lapidum
837 1955 877 2002 ex
889 1931 1073 2020 pavimento
1088 1929 1245 1996 exstitisse

145 2027 278 2082 ostana
325 2029 391 2083 tur.
429 2078 434 2086 .

181 2180 329 2230 Ῑιιιιιιιιιιια
337 2184 460 2244 peccata.
488 2179 672 2230 Hoctsab'sbet
716 2187 784 2228 tum.
805 2179 843 2228 Μ.
874 2177 977 2230 Valerio
995 2178 1065 2229 Max.
1081 2177 1248 2229 restituitvo·

143 2243 219 2294 Leid-
243 2249 266 2294 l.
283 2254 308 2295 et
324 2246 380 2295 alii.
408 2245 535 2310 Significat
555 2260 670 2310 scopum,
721 2260 779 2294 cem
793 2243 1149 2304 Vossius,utmoxnotatum.

144 2321 193 2359 cur
203 2317 277 2359 testes
287 2305 410 2361 adhibiti.
443 2313 470 2359 ln
482 2310 542 2368 aliis
552 2311 628 2374 vulgo
645 2317 671 2360 et
754 2312 788 2358 Ia
797 2317 866 2359 tecto.
883 2309 942 2374 leg.
954 2313 1060 2375 integra.
1077 2311 1151 2358 Hanc
1161 2325 1247 2359 emen·

79 2401 84 2414 =
143 2375 174 2424 in
185 2377 243 2424 edd.
254 2383 307 2425 ret.
319 2377 396 2425 deest.
422 2375 511 2424 Codex
527 2374 612 2426 Ursini
623 2376 670 2425 ba-
719 2375 850 2424 dationem
873 2375 1069 2452 Oudendorpius
1092 2375 1125 2424 ad
1148 2375 1248 2424 Julium

144 2440 191 2489 bet
200 2445 229 2490 ιἰι
242 2456 378 2501 stammam,
394 2443 463 2503 qnod
474 2440 547 2490 malit
558 2441 626 2490 Oud.
643 2450 671 2490 nt
721 2439 816 2503 Obseq.
828 2440 846 2488 l.
858 2456 881 2488 c.
894 2449 1035 2504 proposuit,
1046 2439 1107 2504 quia
1118 2439 1161 2504 hic
1173 2439 1245 2498 dicit,

141 2507 215 2568 apud
227 2505 378 2556 Ovinltlst.
392 2509 431 2565 la,
442 2509 483 2554 38.
501 2509 529 2554 ιἰι
544 2521 668 2556 emmam.
721 2505 809 2554 anaia
822 2507 910 2566 palata
928 2513 1033 2566 mantra
1050 2506 1246 2569 ineptitudine}

143 2569 299 2621 Ciacconius
314 2580 410 2620 temere
423 2569 568 2635 suspicatur
582 2572 632 2634 leg.
642 2574 670 2620 ιἰι
720 2579 746 2617 et
757 2569 874 2618 Valerius
893 2570 962 2618 Max.
983 2571 1002 2619 l.
1014 2585 1037 2618 o.
1059 2572 1145 2620 Enatn
1153 2572 1246 2634 palma

145 2637 282 2685 asmela.
713 2637 792 2696 justia
801 2635 995 2698 mapaitudlnir.
1015 2635 1097 2698 Atque
1107 2635 1173 2684 hanc
1184 2649 1245 2684 con·

181 2699 620 2766 owmtemposttas.vid.csp.³s
631 2701 669 2748 M.
717 2698 841 2762 jacturam
861 2699 945 2748 denuo
961 2698 986 2748 in
999 2697 1066 2748 notis
1076 2699 1107 2747 ad
1119 2699 1244 2748 Caesarem

179 2767 301 2832 Repetam
309 2776 332 2817 et
340 2774 491 2817 enumerem
498 2767 558 2825 dies,
568 2779 671 2814 enume-
711 2761 783 2822 ¹dicit
794 2763 845 2813 sibi
855 2763 968 2827 probari.
984 2763 1080 2812 Caussa
1087 2763 1245 2814 emendatio-

143 2839 202 2881 ram
218 2845 264 2880 eos
279 2831 323 2891 ita,
343 2840 372 2880 ut
392 2839 507 2896 repetant
525 2849 547 2881 s.
569 2830 669 2882 initium
719 2827 760 2878 nis
774 2835 822 2888 est,
840 2830 899 2892 quis
915 2829 1010 2894 palma,
1032 2829 1057 2878 in
1076 2836 1144 2877 tecto
1163 2835 1245 2887 enam,

144 2896 390 2956 laciantabeodie,
404 2913 457 2962 quo
470 2897 671 2960 proeliumcom·
720 2909 772 2943 non
784 2895 873 2944 eudem
885 2895 967 2960 potuit
983 2909 1016 2942 ex
1037 2893 1181 2958 pavimento
1201 2909 1245 2942 ex·

144 2960 308 3012 miunmeat.
328 2963 368 3010 M.
719 2959 825 3008 sistere:
843 2968 869 3007 et
879 2960 939 3025 quia
950 2960 1102 3009 Plutarchus
1113 2959 1138 3008 in
1149 2960 1244 3009 Caes-e.
1306 2989 1310 3002 ι

180 3028 318 3076 Aduolans
333 3043 360 3076 se
378 3030 670 3092 templi-conseram.
719 3025 761 3081 47,
774 3075 776 3078 ,
787 3035 905 3076 accurata
926 3025 1095 3090 descriptione
1112 3041 1182 3084 usus,
1206 3023 1246 3072 di·

145 3092 264 3142 Sicbene
279 3092 419 3142 Lambinus
428 3095 460 3141 ad
471 3092 573 3141 Horatii
584 3093 633 3144 Od.
645 3097 674 3152 4,
719 3089 765 3147 cit,
788 3092 899 3153 palmam
914 3099 971 3141 ants
993 3092 1065 3140 baria
1083 3098 1172 3140 statua
1189 3089 1245 3139 Ca-

145 3163 173 3217 ⁴,
184 3161 224 3208 76.
243 3156 469 3234 Codd.quippeet
482 3158 539 3206 edd.
556 3166 606 3206 vet.
624 3158 670 3206 ba·
721 3153 783 3203 saris
803 3171 818 3204 e
839 3157 897 3205 solo
919 3155 1092 3216 consolidato,
1106 3163 1182 3218 atque
1206 3154 1246 3202 iu-

146 3223 208 3272 beat
216 3225 322 3288 templis.
348 3223 607 3286 Simrlomodoapud
621 3223 673 3272 Va·
719 3234 796 3282 super
822 3221 954 3284 lapidibus
982 3231 1117 3282 constrato,
1144 3227 1244 3268 enatam

146 3287 400 3347 ler.Msx.t,o,1a.
430 3287 672 3336 roatdtusdetaora
719 3299 791 3332 esse:
813 3288 880 3346 quod
898 3287 1243 3350 momenmentum,

145 3353 181 3403 D.
193 3353 300 3403 Vossius
318 3353 368 3416 legi
383 3353 412 3416 ju
448 3352 671 3412 todytisde'tabn'.
719 3349 798 3398 etiam
812 3349 930 3400 Valerius
945 3360 971 3400 et
987 3351 1072 3400 Julius
1094 3349 1244 3413 Obsequens

145 3419 201 3468 Jul.
213 3419 362 3482 obsequens
378 3433 402 3466 c.
416 3421 460 3466 12⁵
473 3419 600 3480 plerisque
614 3419 687 3466 laets-
718 3413 882 3476 tradiderunt,
891 3416 939 3466 etsi
948 3415 1032 3464 verbis
1041 3415 1109 3464 aliis.
1131 3414 1175 3463 Est
1183 3429 1244 3477 ergo

144 3488 221 3548 eipso
232 3481 371 3545 (Deorum)
388 3499 438 3534 sua
454 3490 540 3546 sponte
555 3497 672 3531 converso
719 3479 893 3542 pavimentum
905 3481 931 3529 h.
944 3481 961 3529 l.
973 3481 1056 3529 sulum
1067 3495 1244 3538 mannoreum,

145 3557 237 3598 narrat.
259 3550 329 3598 Idem
341 3563 401 3597 cum
410 3546 671 3596 ValerioMax.iabu·
717 3546 768 3613 vel,
791 3553 818 3593 ut
835 3546 983 3596 Plutarchus
997 3545 1070 3605 dicit,
1086 3545 1165 3612 χωρίου
1183 3545 1245 3606 λίθῳ

147 3615 199 3666 lm
209 3616 241 3664 de
251 3617 357 3664 damon
368 3614 454 3662 audito
462 3612 562 3676 repelli.
613 3639 625 3658 ο
717 3613 803 3676 aas&
812 3610 894 3659 trabas
902 3610 1081 3677 smapuptissr,
1088 3612 1157 3674 quod
1165 3608 1245 3658 ellam

181 3681 397 3742 Remotietempti.
424 3678 639 3740 lag-remaldi),
654 3693 671 3725 e
719 3674 813 3724 dicitur
828 3676 985 3744 adissem.
1005 3675 1055 3724 vid.
1073 3675 1195 3724 Wetsten.
1210 3675 1244 3723 ad

145 3745 221 3794 codd.
230 3743 315 3794 bonis.
335 3745 415 3792 Exeo
426 3741 670 3801 inaliisconditts,in
720 3755 811 3804 evang.
829 3741 921 3790 Josnn.
941 3745 978 3804 19,
992 3742 1030 3790 13.
1063 3742 1145 3804 Atque
1158 3739 1194 3789 sic
1212 3739 1246 3788 il·

145 3810 207 3859 aliis
216 3812 354 3872 noopnits'r,
361 3816 386 3857 et
396 3807 421 3855 in
430 3808 487 3856 edd.
495 3806 562 3870 vulg.
569 3810 671 3874 'mantia
719 3805 773 3864 lud,
790 3811 855 3856 inter
865 3814 1017 3872 uoapmenta
1026 3807 1149 3869 lapidum,
1164 3803 1243 3854 facile

143 3875 299 3925 factumest.
327 3875 365 3922 M.
404 3872 522 3922 Restitno
531 3873 671 3922 reconditis.
719 3869 828 3932 intelligi
845 3880 947 3935 potest;
975 3878 1032 3920 sunt
1048 3869 1117 3919 enim
1136 3871 1244 3919 tessella

145 3940 189 3990 Sic
209 3937 388 3996 etcellarius.
415 3939 443 3986 ln
461 3937 520 3987 lano
535 3936 632 3986 Bacchi
644 3937 671 3986 id
719 3949 866 3984 marmoreae
886 3943 1076 3999 coagmentatae,
1096 3934 1163 3984 inter
1180 3950 1245 3998 quas

143 4005 271 4055 accidisse
281 4003 354 4053 refert
365 4001 417 4052 Dio
428 4005 469 4063 41,
478 4006 518 4064 tlt.
719 3999 805 4048 media
816 4003 902 4063 palma
913 3999 1027 4050 emicuit.
1059 3999 1178 4050 Davisius
1184 3999 1243 4062 qui-

180 4074 245 4125 Qatae
257 4073 337 4120 θνα.
346 4065 383 4116 ὅ).
395 4068 455 4132 adp.
473 4068 543 4117 ‘Hoc
554 4074 593 4116 est
602 4067 671 4116 haud
719 4064 778 4113 dem
790 4080 943 4131 componere
954 4076 1059 4116 conatus
1067 4075 1105 4115 est
1116 4065 1171 4114 hoec
1182 4066 1244 4128 duo,

145 4135 226 4186 dubie
238 4135 434 4184 additamentum
451 4132 596 4182 recentioris
615 4147 670 4181 ma·
718 4133 746 4179 ιἰι
758 4138 893 4188 tectoetea
909 4136 1063 4197 partenente,
1084 4140 1110 4180 et
1126 4131 1245 4191 ostendit,

144 4216 202 4251 nus.
227 4199 336 4250 casaris
352 4206 427 4247 astate
443 4198 562 4247 omnibus
581 4205 670 4246 notum
719 4193 802 4244 etiam
812 4203 904 4246 tecme
916 4197 1064 4261 pavimento
1075 4215 1096 4247 s.
1107 4212 1186 4261 opere
1197 4211 1244 4259 pa-

144 4275 207 4328 erat,
229 4267 303 4320 illam
322 4262 415 4330 templi
431 4272 531 4328 partem
545 4261 598 4314 dici
609 4263 671 4328 ady-
718 4259 774 4312 vito
786 4261 828 4323 (de
838 4279 890 4328 quo
901 4264 934 4316 ad
946 4265 976 4316 Β.
987 4263 1061 4316 Alex.
1071 4279 1094 4315 c.
1109 4259 1244 4322 ldiaetur)
