2909 4809
225 286 271 359 26
530 280 594 355 DE
617 282 770 354 BELLO
792 280 1014 353 canutum

223 474 471 553 contenderent}
518 474 675 543 raeeertim
688 491 793 629 quum
807 474 976 564 Sequanos
988 496 1009 541 a
1025 470 1197 545 Provincia
1210 484 1325 547 nostra

224 565 398 647 Rhodanus
410 565 477 630 dir’
500 576 580 629 eret.
623 564 690 640 Qui
714 584 753 627 us
767 561 864 627 rebus
884 580 983 652 quam
997 566 1187 631 maturrime
1209 588 1324 632 occur·

223 653 359 720 rendum
369 653 522 741 putabat.
563 651 638 743 Ipse
654 662 763 715 autem
779 648 964 716 Ariovistus
978 661 1085 716 tantos
1098 650 1159 718 sibi
1172 652 1322 743 spiritus,

109 765 113 779 ·
223 752 346 807 tantam
357 738 580 829 adrogantiam
593 747 762 812 sumserat,
773 748 813 802 ut
825 736 974 803 ferendus
986 758 1049 805 non
1063 738 1241 806 videretur.

233 854 237 863 ’
265 816 326 893 34.'
345 817 563 915 Quamobrem
580 826 705 915 placuit
716 824 757 899 ei,
778 833 817 888 ut
832 824 875 889 ad
889 824 1092 891 Ariovistum
1108 826 1139 891 le
1182 840 1233 893 tos
1247 824 1323 895 mit·

224 924 319 990 teret,
333 914 393 1002 qui
407 914 451 979 ab
462 934 503 979 eo
517 911 732 1002 postularent,
748 908 799 976 uti
811 910 954 1001 aliquem
966 913 1073 978 locum
1087 934 1119 979 m
1162 912 1228 980 ‘um
1239 913 1323 981 utri-

133 1032 136 1042 2
224 1020 326 1089 usque
345 1000 439 1067 conlo
463 1000 519 1066 uio
537 999 677 1065 diceret:
700 991 785 1065 velle
803 1020 870 1064 sese
888 997 930 1064 de
948 999 1119 1103 republica
1137 1014 1172 1068 et
1190 998 1323 1067 summis

222 1088 393 1175 utriusqus
414 1110 449 1152 re
475 1108 511 1152 us
530 1108 605 1151 cum
623 1105 663 1151 eo
682 1108 789 1175 agere.
835 1085 877 1151 Ei
892 1085 1047 1175 legatroni
1072 1088 1257 1154 Ariovistus
1271 1110 1322 1155 re-

222 1174 372 1263 apondit:
398 1182 423 1215 “¹
447 1175 485 1239 Si
499 1174 580 1262 quid
594 1172 657 1277 ipsi
679 1194 700 1237 a
723 1174 852 1239 Caestrc
870 1195 954 1263 opus
977 1184 1071 1251 essct,
1094 1198 1160 1241 sese
1182 1175 1323 1264 adeum

225 1270 438 1327 “venturum
458 1261 573 1336 fnissc3
597 1284 624 1326 ει
638 1260 720 1350 quid
743 1260 798 1327 ille
820 1283 854 1326 se
875 1261 966 1337 velit,
990 1260 1084 1327 illurn
1106 1261 1149 1327 ad
1166 1286 1199 1329 sc
1211 1262 1322 1328 venire

225 1358 248 1388 “
264 1358 427 1437 oportere.
474 1348 683 1413 Praeterease
703 1370 810 1437 neque
826 1347 895 1413 sine
913 1346 1058 1416 exercitu
1079 1347 1112 1414 in
1135 1371 1188 1415 eas
1211 1361 1322 1440 partes

225 1446 248 1475 ‘⁴
267 1433 384 1501 Galliac
398 1434 508 1501 venire
521 1436 650 1511 audere,
666 1455 747 1523 quas
770 1435 881 1500 Cesar
895 1434 1092 1525 possideret3
1113 1458 1218 1539 neque
1232 1454 1322 1511 exer-

225 1532 248 1563 “
263 1522 365 1589 citum
387 1523 454 1589 sine
476 1544 594 1611 magno
618 1533 799 1598 commeatu
821 1533 921 1610 atque
941 1521 1148 1591 emolimento
1163 1546 1201 1590 rn
1220 1546 1323 1589 unum

224 1620 249 1651 ‘⁶
264 1610 371 1676 locum
383 1610 571 1676 contrahere
592 1632 703 1699 posse:
726 1608 910 1675 sibiautem
925 1610 1044 1674 mirum
1064 1610 1178 1688 videri,
1193 1608 1277 1699 quid
1289 1612 1324 1677 in

225 1708 248 1741 ‘⁵
263 1708 323 1762 sua
346 1694 466 1773 Gallia,
489 1718 588 1785 quam
611 1696 700 1763 bello
719 1695 860 1773 vicisset,
882 1709 941 1765 aut
964 1695 1098 1774 Caesari,
1114 1710 1173 1764 aut
1192 1698 1324 1765 omnino

226 1796 248 1825 ‘⁴
267 1781 397 1874 Populo
412 1784 559 1851 Romano
574 1784 696 1873 negotii
710 1784 824 1849 essct.”

182 1895 187 1913 ¹
267 1872 322 1938 35.
349 1872 410 1937 His
431 1872 591 1961 responsis
620 1871 662 1937 ad
686 1870 854 1961 ‚Ossam
883 1863 1007 1946 relatis,
1036 1867 1157 1936 iterum
1181 1866 1223 1934 ad
1247 1891 1325 1936 eum

226 1958 335 2025 Oeser
346 1959 469 2061 legatos
480 1982 555 2024 cum
569 1958 618 2023 his
632 1955 790 2023 mandatis
802 1958 925 2025 mittit:
952 1966 974 1999 ‘⁴
989 1956 1151 2045 Quoniam
1161 1966 1253 2023 tanto
1264 1978 1325 2025 suo

210 2056 249 2086 ·“
268 2046 452 2135 Popuhque
472 2044 611 2111 Romani
633 2043 789 2111 beneficio
810 2044 967 2120 adfectus,
991 2065 1095 2132 quum
1110 2042 1326 2122 inconsulatu

226 2144 249 2175 “
266 2144 324 2199 suo
348 2154 405 2198 rex
418 2144 517 2220 atque
539 2132 660 2196 amicus
678 2156 699 2197 a
720 2132 844 2197 Senatu
857 2130 1039 2219 adpellatua
1052 2143 1146 2206 esset,
1166 2130 1248 2195 hanc
1262 2132 1325 2196 sibi

227 2229 249 2265 ‘¹
269 2219 462 2309 Populoque
486 2217 633 2283 Romano
663 2216 802 2306 gratiam
825 2216 974 2291 referret,
997 2216 1090 2283 utin
1115 2215 1327 2306 conloquium

227 2319 249 2348 ‘⁴
265 2307 375 2371 venire
386 2306 540 2371 invitatus
552 2315 756 2393 gravaretur,
771 2324 876 2393 neque
882 2302 923 2367 de
935 2302 1097 2369 communi
1110 2326 1145 2368 re
1155 2301 1327 2370 dicendum

227 2404 250 2435 ⁰⁶
266 2392 327 2458 sibi
342 2404 376 2457 et
390 2390 646 2493 cognoscendum
658 2402 811 2480 putarctr
835 2388 903 2455 haec
914 2414 992 2467 esse,
1008 2411 1081 2479 quae
1096 2388 1139 2455 ab
1158 2413 1198 2455 co
1213 2401 1327 2479 postu-

155 2556 157 2559 ·
227 2490 251 2523 “
265 2481 376 2546 latete
415 2502 544 2555 ramum,
568 2500 608 2543 ne
647 2500 721 2543 uam
739 2474 981 2543 multitudinem
1001 2475 1167 2542 hominum
1186 2478 1329 2581 amplius

227 2576 250 2611 “
266 2578 356 2633 trans
410 2566 527 2630 henum
547 2564 581 2633 in
642 2562 751 2631 alliam
773 2563 1015 2630 transducerett'
1048 2562 1163 2629 deinde
1188 2564 1327 2641 obsides,

226 2666 250 2699 ⁴*
266 2678 347 2745 quos
362 2653 495 2720 haberet
510 2653 553 2719 ab
569 2651 694 2729 AEduis,
708 2650 857 2718 redderet
873 2648 1096 2749 Sequanisque
1151 2651 1327 2727 rmitteret,

227 2756 250 2787 ‘¹
265 2756 315 2819 ut,
331 2766 414 2831 quos
433 2741 482 2807 illi
496 2740 664 2818 haberent,
685 2738 856 2806 voluntate
870 2734 939 2829 ejus
959 2740 1092 2805 reddere
1125 2735 1327 2815 trictionem

238 2933 295 3002 'ne
312 2959 372 3002 aas.
404 2950 576 3015 alequam
609 2944 751 2999 automn-
799 2958 862 2999 tum.
889 2949 1262 3026 atmeaenmrampmco.
1287 2948 1328 3000 ue

226 3012 281 3067 t'unt
294 2968 348 3066 llcc
364 3016 484 3065 verbumr
508 3022 534 3063 et
555 3021 639 3079 potest
656 3013 752 3063 omitti.
800 3013 842 3064 nis
857 3014 934 3064 etiam
951 3015 1063 3065 editores
1078 3016 1173 3065 Velleir
1190 3016 1287 3064 Pat.ad
1303 3018 1327 3076 1,

227 3086 264 3134 M.
274 3088 301 3131 ut
311 3082 341 3131 C.
351 3089 375 3142 2,
386 3085 428 3141 20,
439 3085 480 3130 tr.
802 3082 842 3140 lt,
858 3088 886 3128 et
902 3080 1048 3143 nuperrime
1065 3080 1279 3130 Ruhnkenius‘ad
1301 3086 1328 3141 t,

261 3152 367 3199 Diceret.
409 3146 463 3196 alii
483 3146 605 3222 daliperet,
630 3158 687 3208 quta
711 3152 752 3193 eat
800 3148 842 3204 te,
863 3146 977 3210 ejusdem
997 3146 1139 3210 scriptoris,
1159 3146 1328 3210 disputarunt.

228 3212 410 3277 interpretatio.
437 3212 476 3263 M.
503 3208 630 3261 cacan.
645 3210 678 3259 ad
693 3207 752 3259 Liv.
799 3210 880 3259 Exern
900 3211 926 3261 la
940 3211 1024 3271 verbi,
1039 3212 1089 3261 hoc
1107 3212 1184 3261 modo
1201 3210 1328 3275 usurpati.

227 3284 269 3339 2⁵,
283 3282 320 3327 16.
796 3274 849 3341 jam
906 3292 992 3324 anetus
1010 3275 1035 3325 in
1056 3274 1135 3323 Thea.
1156 3276 1213 3325 lat.
1233 3273 1328 3339 Lingu.

240 3346 431 3401 dimdium,
462 3340 560 3400 labore,
585 3354 674 3404 opera.
717 3340 754 3389 Ut
799 3342 935 3405 diligenter
951 3340 1075 3399 tractarit,
1089 3339 1230 3399 sedita,ut
1247 3340 1328 3389 vellet

228 3409 298 3459 enim
313 3411 372 3459 eniti
381 3416 428 3467 est,
437 3407 539 3457 nitendo
557 3406 688 3469 pervenire
703 3405 754 3455 ali·
799 3409 980 3457 marimum
991 3404 1077 3465 scribi,
1088 3404 1330 3467 ubimtmolitio,

228 3490 289 3544 quo,
300 3472 341 3522 rel
352 3471 450 3521 efficere
458 3472 572 3536 aliquid,·
588 3474 657 3521 aaut
666 3479 753 3521 nutem
800 3483 833 3521 nc
848 3485 908 3520 cum
916 3473 1086 3528 manteau,
1096 3470 1123 3518 h.
1134 3487 1159 3519 e.
1168 3470 1249 3519 fructu
1264 3485 1328 3521 con-

150 3572 158 3593 1
228 3538 343 3592 laborem
353 3545 379 3585 et
389 3550 492 3599 operam
504 3536 643 3600 significat:
660 3536 697 3585 sic
714 3542 753 3584 est
800 3534 935 3585 inderetur.
953 3537 990 3584 M.
1001 3534 1046 3584 Gr.
1056 3535 1103 3583 int.
1114 3534 1196 3583 reddit
1202 3535 1327 3598 ὶσχολίιι.

227 3606 330 3657 asotia,
347 3600 476 3651 moliendo
489 3602 651 3664 conandoque
663 3617 755 3664 perve-
804 3602 943 3651 Maleuento
961 3608 1018 3663 post
1033 3599 1154 3649 Ciacccn.
1174 3598 1256 3649 Fam.
1274 3601 1330 3649 Ho-

228 3672 283 3722 nirc
292 3668 390 3731 aliqum
405 3666 505 3716 efficere
515 3666 621 3729 aliquid,
637 3673 662 3714 et
671 3663 755 3715 emoli-
801 3674 865 3714 torn.
882 3666 983 3730 prefert
996 3664 1129 3713 Cellariuc.
1161 3664 1326 3715 tussiacum
1397 3692 1401 3704 ·

228 3742 340 3787 mantum
367 3732 423 3795 ipsc
449 3732 529 3781 labor.
567 3729 676 3789 Quidam
703 3730 754 3794 legi
802 3730 965 3790 Livium.
982 3731 1074 3789 8¹1,14.
1089 3739 1116 3779 et
1131 3729 1240 3779 Sisennae
1256 3730 1328 3807 apud

228 3800 371 3851 maluerunt
379 3798 524 3856 maturante,
531 3796 599 3859 quod
607 3810 658 3844 non
668 3794 755 3844 differ-
803 3795 913 3853 Nonium
922 3802 947 3854 9,
958 3798 1015 3845 564.
1036 3794 1063 3844 ln
1072 3795 1132 3844 loco
1142 3804 1228 3844 nostro
1239 3796 1332 3845 ultrma

230 3862 626 3921 retabillcaltero,emolimento.
643 3857 755 3909 lncodd.
802 3860 899 3909 vocalis
919 3860 991 3909 rosit
1013 3860 1177 3923 precedentis
1191 3869 1268 3925 atquc
1289 3874 1330 3907 se-

230 3940 315 3980 autem
334 3930 361 3976 h.
371 3929 390 3977 l.
408 3936 549 3977 constanter
559 3926 651 3990 legitur
659 3928 754 3975 emoto-
801 3926 888 3989 quenti
904 3925 1040 3975 whaesisse
1056 3924 1155 3973 videtur
1172 3926 1235 3973 Jon.
1245 3924 1330 3974 Miclr.
1350 3911 1398 3986 X

229 4003 319 4045 mutos
336 3991 755 4057 Acputantpleriqueiuterpretes,
803 3992 891 4052 Bruto,
898 4006 976 4054 quem
992 4005 1040 4039 acu
1056 4003 1110 4038 rem
1119 3988 1232 4054 tetigisse
1241 3992 1329 4039 credo.
1400 3985 1411 3999 “’

230 4062 420 4109 conclamantum
446 4066 471 4105 et
497 4059 676 4107 matoneum
702 4068 754 4105 non
803 4055 1329 4120 Procmotameatopugnatvictorinsvar.

230 4122 312 4189 magis
322 4120 431 4181 differre,
447 4122 520 4184 quam
535 4128 719 4171 martenum
729 4128 755 4167 et
802 4120 873 4169 Iaect.
884 4125 925 4179 22,
939 4124 977 4169 10.

230 4191 416 4245 mammarum,
438 4193 465 4235 et
485 4199 543 4235 curn
563 4185 755 4235 emolimentum
827 4184 1071 4235 &timum
1087 4184 1329 4246 errantium.

232 4254 315 4317 primo
322 4250 645 4315 significetmolitionemet
652 4264 755 4313 suscep·
838 4251 939 4301 Relatis.
970 4248 1012 4298 Sic
1027 4250 1070 4299 Gr.
1081 4250 1215 4316 interpres,
1232 4250 1329 4301 Oonlro

232 4314 669 4391 tionem,si3nidcaredeindeetitm
679 4310 757 4363 ellec-
802 4316 1059 4366 condonanda
1076 4316 1172 4369 hubent
1183 4318 1271 4383 lapaut
1287 4316 1331 4367 tcl

232 4392 287 4435 tum
298 4381 448 4442 molitronrs,
457 4380 679 4446 prolectumatquc
687 4376 756 4431 truc·
801 4381 896 4446 tapetia
905 4382 1072 4435 adeuntur.
