2909 4809
165 377 170 384 ,
227 297 294 394 als
550 313 614 382 uu
638 297 790 380 snum
814 309 972 380 omna

228 499 341 569 tellum
354 495 612 578 Massiliensium,
633 501 674 567 ad
691 497 857 568 Nasidium
924 499 1085 574 rveniurlt,
1101 497 1145 562 lbi
1170 507 1209 564 ue
1224 505 1321 565 naves

226 587 414 679 expediunt,
428 609 601 675 rursusque
616 611 649 652 se
660 587 701 653 ad
711 588 868 676 confligen
894 597 945 654 um
963 586 1069 652 anlmo
1084 518 1276 654 continuant
1286 597 1323 651 et

185 686 187 695 '
229 675 359 742 consilis
384 676 627 742 communicant.
689 676 814 742 Dextra
842 695 915 762 pers
947 673 1195 739 Massiliensibus
1221 673 1323 739 adtri-

228 763 354 851 buitur,
367 761 492 828 sinistra
507 761 651 828 Nasidio.

272 849 304 912 5.
329 847 453 915 Eodem
469 848 590 914 Brutus
600 845 779 922 contendit,
795 855 891 911 aucto
906 847 1034 910 navium
1048 867 1190 912 numero.
1232 844 1319 912 Nam

145 1001 149 1014 ,
230 935 273 1004 all
287 957 354 1011 eas,
368 959 442 1025 quae
459 934 553 1016 factae
571 946 662 1000 erant
677 933 809 998 Arelate
824 955 883 1022 per
894 933 1063 1008 Gaesarem,
1078 933 1216 1021 captivae
1233 933 1321 997 Mss-

231 1021 401 1098 sr‘licnsium
416 1033 612 1086 accesserant
626 1042 692 1086 sex.
718 1019 789 1084 H'as
803 1019 1023 1108 superioribus
1034 1019 1195 1085 refecerat
1204 1018 1321 1084 diebus

230 1115 331 1198 alque
345 1109 492 1172 omnibus
519 1108 617 1173 rebus
641 1107 846 1171 instruxerat.
894 1106 1008 1192 ltaque
1029 1128 1102 1171 suos
1122 1105 1320 1182 cohortatus,

230 1218 310 1286 quos
325 1197 467 1282 integros
489 1194 734 1282 superavissent,
758 1205 795 1257 ut
815 1193 916 1257 victos
931 1205 1183 1269 contemnerent,
1229 1191 1321 1258 lenus

229 1283 299 1372 spei
321 1280 413 1347 bonae
435 1294 535 1368 atque
558 1282 653 1346 animi
675 1279 829 1344 adversus
855 1303 909 1344 eos
939 1279 1165 1366 proficiscitur.
1206 1212 1322 1345 lactis

229 1378 312 1444 erat,
327 1391 367 1432 ex
381 1369 493 1441 castris
508 1367 547 1432 C.
564 1367 717 1432 Trebonii
733 1375 833 1453 atque
846 1365 993 1431 omnibus
1007 1363 1229 1455 superioribus
1244 1367 1323 1433 lusis

229 1455 415 1546 prospicere
436 1454 469 1520 in
491 1455 617 1530 urbem,
639 1467 679 1518 ut
693 1453 793 1520 omnis
806 1454 970 1542 juventus,
990 1474 1063 1540 quae
1078 1455 1111 1518 in
1130 1452 1251 1542 oppido
1271 1473 1322 1520 re·

230 1553 402 1616 hauserat,
429 1563 600 1628 omnesque
621 1540 795 1630 superioris
820 1542 934 1616 aetatis,
968 1561 1043 1604 cum
1076 1539 1186 1605 liberis
1219 1549 1323 1627 atque

231 1629 384 1695 uxoribus
398 1628 601 1719 publicisque
616 1628 782 1703 custodiis,
797 1639 855 1692 aut
867 1649 906 1691 er
919 1649 1013 1692 muro
1026 1625 1068 1690 ad
1080 1627 1197 1692 coelum
1209 1639 1324 1692 manus

80 1790 87 1811 ‚
163 1723 169 1734 '
199 1730 202 1734 “
232 1713 413 1791 tenderent,
435 1725 495 1780 aut
509 1716 632 1803 templa
653 1716 798 1780 Deorum
813 1713 1032 1780 inmortalium
1046 1713 1174 1780 adirent
1188 1715 1233 1790 et,
1246 1723 1324 1780 ante

229 1801 398 1868 simulacra
421 1802 571 1890 projecti,
601 1801 770 1868 victoriam
792 1802 835 1867 ab
860 1801 930 1867 Diis
957 1811 1185 1904 exposcerentt
1218 1818 1324 1888 neque

230 1899 302 1956 erat
322 1889 494 1978 quisquam
516 1885 668 1964 omnium,
694 1889 775 1976 quin
798 1889 829 1953 in
853 1889 921 1975 ejus
944 1885 1008 1954 dier
1022 1909 1095 1951 casu
1110 1909 1241 1953 suarum
1256 1897 1324 1951 oln-

230 1977 318 2043 ninm
345 1977 550 2042 fortunarum
571 1988 723 2040 eventum
743 1976 912 2040 consistere
927 1975 1135 2040 existimaret.
1183 1973 1268 2039 Nam
1290 1983 1325 2039 at

230 2063 353 2152 honesti
366 2085 407 2127 ex
418 2064 603 2168 juventute,
619 2069 653 2127 et
667 2063 823 2151 cujusque
838 2063 940 2128 aetatis
961 2061 1158 2149 amplissimi,
1181 2062 1323 2126 nominu-

229 2151 289 2216 tim
304 2158 429 2217 euocati
441 2156 540 2236 atque
554 2150 725 2224 bbsecrati,
742 2171 838 2214 naves
851 2147 1120 2220 conscenderantr
1136 2157 1186 2223 at,
1200 2147 1226 2212 si
1241 2146 1323 2236 quid

231 2235 358 2305 adversi
384 2235 562 2310 accidisset,
589 2259 630 2300 ne
655 2238 696 2301 ad
721 2235 902 2302 conandum
923 2234 1055 2323 quidem
1069 2233 1129 2300 sibi
1145 2232 1323 2339 quidquam

231 2323 346 2411 reliqui
360 2322 431 2388 iore
442 2321 590 2396 viderent
604 2345 612 2396 ς
634 2322 660 2386 si
673 2323 920 2408 superavissent,
934 2322 986 2386 vel
1001 2319 1182 2386 darnesticrs
1194 2321 1324 2408 oprbus,

231 2409 284 2475 tel
298 2409 436 2474 externis
450 2408 589 2482 auxiliis,
601 2408 643 2472 de
655 2410 761 2474 salute
776 2409 865 2476 urbis
880 2407 1090 2474 confiderent.

274 2495 307 2560 s:
330 2494 506 2562 Commisso
526 2495 655 2584 proelio,
673 2495 922 2559 Massiliensibus
937 2519 987 2560 res
1001 2493 1093 2558 nulla
1112 2491 1153 2560 ad
1167 2493 1324 2560 virtutem

231 2583 356 2649 uenite
379 2581 436 2647 sed
459 2603 614 2648 memores
640 2603 751 2646 eorum
766 2593 1014 2670 praceptorum,
1040 2593 1112 2666 qua
1149 2579 1325 2646 eulloaute

231 2671 274 2741 'ab
284 2670 349 2741 ruis
363 2676 566 2756 acceperant,
581 2666 641 2733 hoc
656 2669 761 2734 animo
775 2668 997 2743 decertabant,
1025 2679 1063 2732 ut
1089 2601 1213 2731 nullum
1233 2666 1325 2733 aliud

233 2754 750 2847 tempusadconandumhabituri
760 2755 960 2830 viderentur,
974 2767 1019 2830 et,
1033 2753 1153 2841 quibus
1165 2753 1197 2817 in
1214 2765 1326 2844 pugna
1394 2831 1405 2836 ..

232 2845 307 2910 ritae
338 2843 519 2934 periculum
546 2841 719 2917 accideret,
758 2863 820 2908 non
850 2845 896 2906 ita
924 2841 1028 2907 multu
1061 2863 1094 2905 se
1123 2837 1325 2927 reliquorum

232 2931 350 2997 civium
371 2931 476 2993 fatum
496 2929 683 2994 antecedere
704 2929 935 3004 existimarent,
981 2928 1089 3002 uibus,
1113 2925 1195 2990 urbe
1215 2937 1325 3015 capta,

128 3053 135 3062 ·
231 3018 343 3084 eadem
370 3027 452 3081 esset
484 3013 563 3079 belli
591 3017 723 3081 fortuna
775 3016 913 3081 atienda.
1002 3011 1182 3100 iduatisque
1206 3013 1327 3080 'nostris

232 3103 402 3198 paullatim
430 3101 576 3178 navibus,
620 3111 655 3168 et
686 3101 747 3168 ar'
773 3103 823 3168 cio
905 3103 1115 3168 bernatorum
1150 3098 1324 3166 mobilitati

233 3191 363 3260 nauium
383 3189 474 3255 locus
493 3187 632 3256 dabatur
656 3202 702 3267 et,
721 3186 748 3256 si
764 3213 849 3276 quan
873 3213 893 3255 o
915 3187 1015 3254 nostri
1031 3185 1218 3252 facultatem
1241 3186 1325 3252 nacti

124 3291 129 3295 ’
233 3279 346 3346 ferreis
369 3275 516 3343 manibus
543 3275 667 3366 injectis
694 3299 808 3342 nauem
836 3275 1064 3366 religaverunt,
1091 3269 1234 3358 undique
1260 3273 1326 3339 suis

234 3469 312 3518 tinum
340 3463 508 3517 'l'eloueuseru
535 3457 579 3516 ubi
607 3479 675 3525 uunc
702 3463 757 3514 bini
809 3473 859 3530 pat.
892 3461 1169 3514 ltaetCic.edDiv.l
1199 3461 1325 3510 lasies-

233 3539 324 3599 portus
332 3535 356 3582 le
366 3533 426 3581 brus
437 3531 468 3582 ds
480 3534 508 3582 S.
520 3533 614 3594 Gaurus
624 3537 650 3579 et
659 3530 758 3580 l‘Eues·
803 3533 939 3595 parmam,
953 3533 975 3578 ri
986 3529 1098 3578 dubium.
1119 3525 1160 3575 Cl.
1167 3495 1261 3600 ilorat.
1275 3521 1326 3599 Flp.

233 3605 282 3650 cut.
320 3599 494 3660 Wcsrslinps'as
511 3597 556 3655 (sd
575 3599 693 3648 ananus.
715 3595 757 3646 iti·
810 3598 868 3656 Μ,
881 3598 903 3643 6.
915 3593 956 3644 ed.
966 3591 1084 3644 Bentleii.
1103 3589 1248 3644 curuusad
1260 3587 1325 3640 Plan.

232 3677 312 3714 uerar-
323 3678 350 3726 p.
359 3663 429 3723 506).
446 3663 484 3712 Μ.
621 3708 624 3713 ,
806 3675 848 3723 ep.
864 3663 886 3718 1,
898 3661 922 3707 3.
932 3659 1000 3706 etad
1012 3658 1111 3708 Sallust.
1129 3655 1185 3705 eut.
1198 3659 1230 3703 52
1246 3661 1273 3702 et
1284 3657 1324 3704 58.

266 3731 354 3843 zm
369 3735 452 3778 erm.
474 3725 512 3776 sic
530 3725 607 3774 codd.
636 3723 688 3775 alii
698 3724 757 3788 fuse-
807 3725 866 3840 lug.
880 3720 1326 3852 Ιθὼίἰίωιιίερὲῗι.αᾴῃῐῑ.ἐῐνὲι4ἇῃὸωοψ

234 3811 266 3844 ru
296 3827 304 3842 .
860 3806 901 3840 om
1040 3803 1063 3837 ro
1085 3804 1093 3836 ι

269 3860 377 3910 meua.
397 3857 439 3908 cr.
452 3859 473 3917 ι,
485 3859 526 3906 ss.
543 3854 581 3905 ar.
807 3853 1051 3916 mittiturproelium.
1065 3821 1111 3900 'n

271 3926 599 3987 &murmuremus
623 3921 662 3970 M.
680 3919 757 3984 Apul.
839 3921 1034 3982 Praeceptum.
1055 3913 1327 3967 Suatadlrortationes.

152 3994 161 4007 '
235 3980 621 4048 Meamnauurmffeuun.
641 3985 759 4049 apoto.
805 3983 1037 4046 dequibuucap.t.
1062 3982 1098 4030 M.

235 4051 629 4115 amnjoreaesaaadisere„
840 4049 1012 4111 Diductirqus.
1042 4047 1082 4098 Sic
1097 4043 1325 4096 Oudendecodd.

270 4121 409 4168 Dieicusu.
429 4116 469 4166 Sic
481 4126 542 4166 etc.
554 4120 592 4166 lt.
806 4123 831 4162 et
842 4114 900 4163 eod.
911 4121 960 4163 ret.
974 4111 1056 4175 Vulgo
1066 4113 1229 4184 caducisque.

271 4185 384 4243 uma,
393 4181 585 4233 nobilitumilia
593 4178 651 4230 orti.
674 4179 711 4228 Μ.
840 4181 939 4230 Ferreus
945 4177 1069 4228 amnibus.
1078 4193 1103 4225 v·
1115 4175 1167 4226 lud.
1179 4177 1324 4240 maurpuqo

271 4251 300 4298 a·
318 4251 507 4311 upemalmm.
541 4245 625 4295 Duris.
643 4241 755 4294 uniebat
803 4253 939 4296 elusanus.
958 4243 996 4292 M.

235 4317 284 4374 sas,
299 4313 343 4364 sed
360 4319 443 4362 noser
452 4319 479 4362 et
489 4311 552 4362 alibi
563 4307 668 4358 rlstsic
684 4323 755 4357 usur·
783 4336 787 4343 -
845 4307 849 4314 '
1079 4321 1082 4326 ·
