<?xml version="1.0" encoding="UTF-8"?>
<!DOCTYPE html PUBLIC "-//W3C//DTD XHTML 1.0 Transitional//EN"
    "http://www.w3.org/TR/xhtml1/DTD/xhtml1-transitional.dtd">
<html xmlns="http://www.w3.org/1999/xhtml" xml:lang="en" lang="en">
 <head>
  <title>
</title>
<meta http-equiv="Content-Type" content="text/html;charset=utf-8" />
  <meta name='ocr-system' content='tesseract 3.04.00' />
  <meta name='ocr-capabilities' content='ocr_page ocr_carea ocr_par ocr_line ocrx_word'/>
</head>
<body>
  <div class='ocr_page' id='page_1' title='image "./cjuliicaesarisc00obergoog/cjuliicaesarisc00obergoog_0391.png"; bbox 0 0 2909 4809; ppageno 0'>
   <div class='ocr_carea' id='block_1_1' title="bbox 437 163 1244 283">
    <p class='ocr_par' dir='ltr' id='par_1_1' title="bbox 437 163 1244 283">
     <span class='ocr_line' id='line_1_1' title="bbox 437 163 1244 283; baseline -0.002 -4"><span class='ocrx_word' id='word_1_1' title='bbox 437 211 525 279; x_wconf 78' lang='lat' dir='ltr'><strong>urs.</strong></span> <span class='ocrx_word' id='word_1_2' title='bbox 549 211 594 283; x_wconf 91' lang='lat' dir='ltr'><strong>u.</strong></span> <span class='ocrx_word' id='word_1_3' title='bbox 626 195 743 280; x_wconf 74' lang='lat' dir='ltr'><strong>&#39;can</strong></span> <span class='ocrx_word' id='word_1_4' title='bbox 770 179 929 278; x_wconf 78' lang='lat'><strong>11-13.&#39;</strong></span> <span class='ocrx_word' id='word_1_5' title='bbox 1011 277 1013 282; x_wconf 77' lang='grc'><strong>,</strong></span> <span class='ocrx_word' id='word_1_6' title='bbox 1103 257 1108 264; x_wconf 91' lang='grc'><strong>.</strong></span> <span class='ocrx_word' id='word_1_7' title='bbox 1155 163 1244 278; x_wconf 75' lang='lat' dir='ltr'><strong>are&#39;</strong></span> 
     </span>
    </p>
   </div>
   <div class='ocr_carea' id='block_1_2' title="bbox 90 396 1287 3180">
    <p class='ocr_par' dir='ltr' id='par_1_2' title="bbox 125 396 1284 1445">
     <span class='ocr_line' id='line_1_2' title="bbox 125 396 1219 477; baseline -0.002 -11"><span class='ocrx_word' id='word_1_8' title='bbox 125 398 309 477; x_wconf 74' lang='lat' dir='ltr'><strong>musculum</strong></span> <span class='ocrx_word' id='word_1_9' title='bbox 321 399 511 466; x_wconf 85' lang='lat' dir='ltr'><strong>devolvunt.</strong></span> <span class='ocrx_word' id='word_1_10' title='bbox 557 399 664 468; x_wconf 87' lang='lat' dir='ltr'><strong>Ictum</strong></span> <span class='ocrx_word' id='word_1_11' title='bbox 689 399 822 468; x_wconf 85' lang='lat' dir='ltr'><strong>firmitas</strong></span> <span class='ocrx_word' id='word_1_12' title='bbox 841 397 982 468; x_wconf 76' lang='lat' dir='ltr'><strong>materia</strong></span> <span class='ocrx_word' id='word_1_13' title='bbox 995 396 1150 472; x_wconf 74' lang='lat' dir='ltr'><strong>sustinet:</strong></span> <span class='ocrx_word' id='word_1_14' title='bbox 1171 409 1219 476; x_wconf 83' lang='lat' dir='ltr'><strong>et,</strong></span> 
     </span>
     <span class='ocr_line' id='line_1_3' title="bbox 125 481 1219 576; baseline -0.001 -24"><span class='ocrx_word' id='word_1_15' title='bbox 125 485 289 574; x_wconf 88' lang='lat' dir='ltr'><strong>quidquid</strong></span> <span class='ocrx_word' id='word_1_16' title='bbox 313 485 439 563; x_wconf 86' lang='lat' dir='ltr'><strong>incidit,</strong></span> <span class='ocrx_word' id='word_1_17' title='bbox 461 487 590 576; x_wconf 81' lang='lat' dir='ltr'><strong>fastigio</strong></span> <span class='ocrx_word' id='word_1_18' title='bbox 614 485 750 554; x_wconf 90' lang='lat' dir='ltr'><strong>musculi</strong></span> <span class='ocrx_word' id='word_1_19' title='bbox 766 485 917 554; x_wconf 80' lang='lat' dir='ltr'><strong>elabitur.</strong></span> <span class='ocrx_word' id='word_1_20' title='bbox 963 481 1002 549; x_wconf 92' lang='lat' dir='ltr'><strong>Id</strong></span> <span class='ocrx_word' id='word_1_21' title='bbox 1022 483 1078 550; x_wconf 93' lang='lat' dir='ltr'><strong>ubi</strong></span> <span class='ocrx_word' id='word_1_22' title='bbox 1094 483 1219 575; x_wconf 80' lang='lat' dir='ltr'><strong>vident,</strong></span> 
     </span>
     <span class='ocr_line' id='line_1_4' title="bbox 127 569 1221 663; baseline -0.002 -25"><span class='ocrx_word' id='word_1_23' title='bbox 127 585 256 650; x_wconf 79' lang='lat' dir='ltr'><strong>mutant</strong></span> <span class='ocrx_word' id='word_1_24' title='bbox 270 573 454 650; x_wconf 67' lang='lat' dir='ltr'><strong>consilium</strong></span> <span class='ocrx_word' id='word_1_25' title='bbox 477 599 587 663; x_wconf 90' lang='lat' dir='ltr'><strong>cupas,</strong></span> <span class='ocrx_word' id='word_1_26' title='bbox 615 573 698 640; x_wconf 72' lang='lat' dir='ltr'><strong>taeda</strong></span> <span class='ocrx_word' id='word_1_27' title='bbox 721 597 759 640; x_wconf 83' lang='lat' dir='ltr'><strong>ac</strong></span> <span class='ocrx_word' id='word_1_28' title='bbox 780 572 852 662; x_wconf 86' lang='lat' dir='ltr'><strong>pice</strong></span> <span class='ocrx_word' id='word_1_29' title='bbox 874 571 1020 646; x_wconf 83' lang='lat' dir='ltr'><strong>refertas,</strong></span> <span class='ocrx_word' id='word_1_30' title='bbox 1045 569 1221 644; x_wconf 85' lang='lat' dir='ltr'><strong>incendunt</strong></span> 
     </span>
     <span class='ocr_line' id='line_1_5' title="bbox 127 655 1219 748; baseline 0.001 -23"><span class='ocrx_word' id='word_1_31' title='bbox 127 681 246 748; x_wconf 86' lang='lat' dir='ltr'><strong>easque</strong></span> <span class='ocrx_word' id='word_1_32' title='bbox 261 657 302 726; x_wconf 89' lang='lat' dir='ltr'><strong>de</strong></span> <span class='ocrx_word' id='word_1_33' title='bbox 315 684 409 726; x_wconf 91' lang='lat' dir='ltr'><strong>muro</strong></span> <span class='ocrx_word' id='word_1_34' title='bbox 424 662 457 726; x_wconf 93' lang='lat' dir='ltr'><strong>in</strong></span> <span class='ocrx_word' id='word_1_35' title='bbox 470 661 646 728; x_wconf 90' lang='lat' dir='ltr'><strong>musculum</strong></span> <span class='ocrx_word' id='word_1_36' title='bbox 658 658 848 726; x_wconf 85' lang='lat' dir='ltr'><strong>devolvunt.</strong></span> <span class='ocrx_word' id='word_1_37' title='bbox 881 657 1039 724; x_wconf 85' lang='lat' dir='ltr'><strong>Involutse</strong></span> <span class='ocrx_word' id='word_1_38' title='bbox 1050 655 1219 732; x_wconf 86' lang='lat' dir='ltr'><strong>labuntur,</strong></span> 
     </span>
     <span class='ocr_line' id='line_1_6' title="bbox 129 744 1218 836; baseline -0.005 -25"><span class='ocrx_word' id='word_1_39' title='bbox 129 745 269 836; x_wconf 75' lang='lat' dir='ltr'><strong>delapsae</strong></span> <span class='ocrx_word' id='word_1_40' title='bbox 276 747 319 813; x_wconf 86' lang='lat' dir='ltr'><strong>ab</strong></span> <span class='ocrx_word' id='word_1_41' title='bbox 330 747 486 814; x_wconf 84' lang='lat' dir='ltr'><strong>lateribus</strong></span> <span class='ocrx_word' id='word_1_42' title='bbox 497 747 551 814; x_wconf 91' lang='lat' dir='ltr'><strong>lon</strong></span> <span class='ocrx_word' id='word_1_43' title='bbox 575 747 654 814; x_wconf 90' lang='lat' dir='ltr'><strong>uriis</strong></span> <span class='ocrx_word' id='word_1_44' title='bbox 665 746 828 833; x_wconf 88' lang='lat' dir='ltr'><strong>furcisque</strong></span> <span class='ocrx_word' id='word_1_45' title='bbox 839 744 882 810; x_wconf 91' lang='lat' dir='ltr'><strong>ab</strong></span> <span class='ocrx_word' id='word_1_46' title='bbox 894 767 992 833; x_wconf 90' lang='lat' dir='ltr'><strong>opere</strong></span> <span class='ocrx_word' id='word_1_47' title='bbox 1002 755 1218 816; x_wconf 85' lang='lat' dir='ltr'><strong>removentur.</strong></span> 
     </span>
     <span class='ocr_line' id='line_1_7' title="bbox 128 772 1220 902; baseline -0.004 0"><span class='ocrx_word' id='word_1_48' title='bbox 128 831 266 902; x_wconf 77' lang='lat' dir='ltr'><strong>Interim</strong></span> <span class='ocrx_word' id='word_1_49' title='bbox 278 834 339 900; x_wconf 90' lang='lat' dir='ltr'><strong>sub</strong></span> <span class='ocrx_word' id='word_1_50' title='bbox 355 833 498 902; x_wconf 87' lang='lat' dir='ltr'><strong>musculo</strong></span> <span class='ocrx_word' id='word_1_51' title='bbox 521 772 639 900; x_wconf 89' lang='lat' dir='ltr'><strong>milites</strong></span> <span class='ocrx_word' id='word_1_52' title='bbox 651 832 799 902; x_wconf 88' lang='lat' dir='ltr'><strong>vectibus</strong></span> <span class='ocrx_word' id='word_1_53' title='bbox 815 829 922 896; x_wconf 86' lang='lat' dir='ltr'><strong>infima</strong></span> <span class='ocrx_word' id='word_1_54' title='bbox 940 854 1015 896; x_wconf 86' lang='lat' dir='ltr'><strong>saxa</strong></span> <span class='ocrx_word' id='word_1_55' title='bbox 1037 829 1136 896; x_wconf 87' lang='lat' dir='ltr'><strong>turris</strong></span> <span class='ocrx_word' id='word_1_56' title='bbox 1151 829 1220 898; x_wconf 89' lang='lat' dir='ltr'><strong>hos·</strong></span> 
     </span>
     <span class='ocr_line' id='line_1_8' title="bbox 128 916 1284 1008; baseline -0.005 -24"><span class='ocrx_word' id='word_1_57' title='bbox 128 919 225 998; x_wconf 86' lang='lat' dir='ltr'><strong>tium,</strong></span> <span class='ocrx_word' id='word_1_58' title='bbox 241 921 359 1008; x_wconf 91' lang='lat' dir='ltr'><strong>quibus</strong></span> <span class='ocrx_word' id='word_1_59' title='bbox 374 920 584 988; x_wconf 84' lang='lat' dir='ltr'><strong>fundamenta</strong></span> <span class='ocrx_word' id='word_1_60' title='bbox 606 919 867 994; x_wconf 80' lang='lat' dir='ltr'><strong>continebantur,</strong></span> <span class='ocrx_word' id='word_1_61' title='bbox 888 916 1084 984; x_wconf 86' lang='lat' dir='ltr'><strong>convellunt.</strong></span> <span class='ocrx_word' id='word_1_62' title='bbox 1130 917 1221 984; x_wconf 89' lang='lat' dir='ltr'><strong>Mus-</strong></span> <span class='ocrx_word' id='word_1_63' title='bbox 1281 966 1284 978; x_wconf 74' lang='lat'><strong>.</strong></span> 
     </span>
     <span class='ocr_line' id='line_1_9' title="bbox 129 999 1219 1092; baseline -0.005 -17"><span class='ocrx_word' id='word_1_64' title='bbox 129 1005 224 1075; x_wconf 83' lang='lat' dir='ltr'><strong>culus</strong></span> <span class='ocrx_word' id='word_1_65' title='bbox 238 1030 278 1072; x_wconf 83' lang='lat' dir='ltr'><strong>ex</strong></span> <span class='ocrx_word' id='word_1_66' title='bbox 292 1007 378 1074; x_wconf 91' lang='lat' dir='ltr'><strong>turri</strong></span> <span class='ocrx_word' id='word_1_67' title='bbox 386 1007 526 1074; x_wconf 80' lang='lat' dir='ltr'><strong>lateritia</strong></span> <span class='ocrx_word' id='word_1_68' title='bbox 537 1008 680 1076; x_wconf 86' lang='lat' dir='ltr'><strong>anostris</strong></span> <span class='ocrx_word' id='word_1_69' title='bbox 688 1007 761 1072; x_wconf 90' lang='lat' dir='ltr'><strong>telis</strong></span> <span class='ocrx_word' id='word_1_70' title='bbox 773 1005 1003 1092; x_wconf 81' lang='lat' dir='ltr'><strong>tormentisque</strong></span> <span class='ocrx_word' id='word_1_71' title='bbox 1017 999 1219 1072; x_wconf 81' lang='lat' dir='ltr'><strong>defenditur:</strong></span> 
     </span>
     <span class='ocr_line' id='line_1_10' title="bbox 129 1089 1222 1162; baseline -0.003 -1"><span class='ocrx_word' id='word_1_72' title='bbox 129 1091 236 1161; x_wconf 78' lang='lat' dir='ltr'><strong>hostes</strong></span> <span class='ocrx_word' id='word_1_73' title='bbox 249 1117 289 1158; x_wconf 83' lang='lat' dir='ltr'><strong>ex</strong></span> <span class='ocrx_word' id='word_1_74' title='bbox 301 1117 396 1162; x_wconf 90' lang='lat' dir='ltr'><strong>muro</strong></span> <span class='ocrx_word' id='word_1_75' title='bbox 415 1119 454 1160; x_wconf 91' lang='lat' dir='ltr'><strong>ac</strong></span> <span class='ocrx_word' id='word_1_76' title='bbox 473 1094 620 1161; x_wconf 89' lang='lat' dir='ltr'><strong>turribus</strong></span> <span class='ocrx_word' id='word_1_77' title='bbox 639 1093 888 1160; x_wconf 75' lang='lat' dir='ltr'><strong>submoventur:</strong></span> <span class='ocrx_word' id='word_1_78' title='bbox 913 1113 978 1160; x_wconf 90' lang='lat' dir='ltr'><strong>non</strong></span> <span class='ocrx_word' id='word_1_79' title='bbox 999 1089 1097 1158; x_wconf 91' lang='lat' dir='ltr'><strong>datur</strong></span> <span class='ocrx_word' id='word_1_80' title='bbox 1118 1089 1222 1158; x_wconf 82' lang='lat' dir='ltr'><strong>libera</strong></span> 
     </span>
     <span class='ocr_line' id='line_1_11' title="bbox 129 1174 1222 1269; baseline -0.002 -25"><span class='ocrx_word' id='word_1_81' title='bbox 129 1179 215 1244; x_wconf 89' lang='lat' dir='ltr'><strong>muri</strong></span> <span class='ocrx_word' id='word_1_82' title='bbox 239 1177 433 1246; x_wconf 83' lang='lat' dir='ltr'><strong>defendendi</strong></span> <span class='ocrx_word' id='word_1_83' title='bbox 454 1181 600 1246; x_wconf 75' lang='lat' dir='ltr'><strong>facultas.</strong></span> <span class='ocrx_word' id='word_1_84' title='bbox 645 1179 876 1269; x_wconf 88' lang='lat' dir='ltr'><strong>Compluribus</strong></span> <span class='ocrx_word' id='word_1_85' title='bbox 901 1178 967 1268; x_wconf 84' lang='lat' dir='ltr'><strong>jam</strong></span> <span class='ocrx_word' id='word_1_86' title='bbox 992 1174 1157 1265; x_wconf 78' lang='lat' dir='ltr'><strong>lapidibus</strong></span> <span class='ocrx_word' id='word_1_87' title='bbox 1182 1200 1222 1242; x_wconf 87' lang='lat' dir='ltr'><strong>ex</strong></span> 
     </span>
     <span class='ocr_line' id='line_1_12' title="bbox 131 1262 1224 1356; baseline -0.002 -24"><span class='ocrx_word' id='word_1_88' title='bbox 131 1289 182 1341; x_wconf 75' lang='lat' dir='ltr'><strong>aa,</strong></span> <span class='ocrx_word' id='word_1_89' title='bbox 203 1290 279 1356; x_wconf 70' lang='lat' dir='ltr'><strong>quas</strong></span> <span class='ocrx_word' id='word_1_90' title='bbox 295 1266 440 1344; x_wconf 79' lang='lat' dir='ltr'><strong>suberat,</strong></span> <span class='ocrx_word' id='word_1_91' title='bbox 468 1269 553 1334; x_wconf 91' lang='lat' dir='ltr'><strong>turri</strong></span> <span class='ocrx_word' id='word_1_92' title='bbox 576 1267 754 1343; x_wconf 87' lang='lat' dir='ltr'><strong>subductis,</strong></span> <span class='ocrx_word' id='word_1_93' title='bbox 775 1263 945 1356; x_wconf 86' lang='lat' dir='ltr'><strong>repentina</strong></span> <span class='ocrx_word' id='word_1_94' title='bbox 958 1262 1053 1330; x_wconf 87' lang='lat' dir='ltr'><strong>ruina</strong></span> <span class='ocrx_word' id='word_1_95' title='bbox 1068 1286 1143 1352; x_wconf 88' lang='lat' dir='ltr'><strong>pars</strong></span> <span class='ocrx_word' id='word_1_96' title='bbox 1156 1263 1224 1354; x_wconf 85' lang='lat' dir='ltr'><strong>ejus</strong></span> 
     </span>
     <span class='ocr_line' id='line_1_13' title="bbox 132 1349 1091 1445; baseline -0.006 -27"><span class='ocrx_word' id='word_1_97' title='bbox 132 1352 233 1422; x_wconf 87' lang='lat' dir='ltr'><strong>turris</strong></span> <span class='ocrx_word' id='word_1_98' title='bbox 246 1353 400 1430; x_wconf 91' lang='lat' dir='ltr'><strong>concidit,</strong></span> <span class='ocrx_word' id='word_1_99' title='bbox 414 1378 488 1444; x_wconf 87' lang='lat' dir='ltr'><strong>pars</strong></span> <span class='ocrx_word' id='word_1_100' title='bbox 502 1354 625 1442; x_wconf 88' lang='lat' dir='ltr'><strong>reliqua</strong></span> <span class='ocrx_word' id='word_1_101' title='bbox 638 1377 832 1442; x_wconf 91' lang='lat' dir='ltr'><strong>consequens</strong></span> <span class='ocrx_word' id='word_1_102' title='bbox 846 1349 1091 1445; x_wconf 86' lang='lat' dir='ltr'><strong>procumbebat.</strong></span> 
     </span>
    </p>

    <p class='ocr_par' dir='ltr' id='par_1_3' title="bbox 129 1435 1223 1704">
     <span class='ocr_line' id='line_1_14' title="bbox 179 1435 1223 1530; baseline 0.003 -26"><span class='ocrx_word' id='word_1_103' title='bbox 179 1439 228 1504; x_wconf 81' lang='lat'><strong>12.</strong></span> <span class='ocrx_word' id='word_1_104' title='bbox 253 1439 339 1506; x_wconf 89' lang='lat' dir='ltr'><strong>Tum</strong></span> <span class='ocrx_word' id='word_1_105' title='bbox 351 1439 470 1518; x_wconf 88' lang='lat' dir='ltr'><strong>hostes,</strong></span> <span class='ocrx_word' id='word_1_106' title='bbox 485 1441 585 1508; x_wconf 88' lang='lat' dir='ltr'><strong>turris</strong></span> <span class='ocrx_word' id='word_1_107' title='bbox 599 1439 766 1530; x_wconf 82' lang='lat' dir='ltr'><strong>repentina</strong></span> <span class='ocrx_word' id='word_1_108' title='bbox 778 1439 872 1506; x_wconf 87' lang='lat' dir='ltr'><strong>ruina</strong></span> <span class='ocrx_word' id='word_1_109' title='bbox 883 1436 1047 1512; x_wconf 90' lang='lat' dir='ltr'><strong>commoti,</strong></span> <span class='ocrx_word' id='word_1_110' title='bbox 1059 1435 1223 1529; x_wconf 86' lang='lat' dir='ltr'><strong>inopinato</strong></span> 
     </span>
     <span class='ocr_line' id='line_1_15' title="bbox 131 1522 1222 1624; baseline -0.001 -33"><span class='ocrx_word' id='word_1_111' title='bbox 131 1525 217 1592; x_wconf 87' lang='lat' dir='ltr'><strong>malo</strong></span> <span class='ocrx_word' id='word_1_112' title='bbox 232 1526 369 1593; x_wconf 89' lang='lat' dir='ltr'><strong>turbati.</strong></span> <span class='ocrx_word' id='word_1_113' title='bbox 402 1529 546 1595; x_wconf 89' lang='lat' dir='ltr'><strong>Deorum</strong></span> <span class='ocrx_word' id='word_1_114' title='bbox 562 1528 609 1594; x_wconf 86' lang='lat' dir='ltr'><strong>ira</strong></span> <span class='ocrx_word' id='word_1_115' title='bbox 623 1527 773 1616; x_wconf 89' lang='lat' dir='ltr'><strong>perculsi,</strong></span> <span class='ocrx_word' id='word_1_116' title='bbox 801 1526 890 1592; x_wconf 87' lang='lat' dir='ltr'><strong>urbis</strong></span> <span class='ocrx_word' id='word_1_117' title='bbox 901 1522 1084 1624; x_wconf 84' lang='lat' dir='ltr'><strong>direptione</strong></span> <span class='ocrx_word' id='word_1_118' title='bbox 1099 1535 1222 1612; x_wconf 87' lang='lat' dir='ltr'><strong>perter-</strong></span> 
     </span>
     <span class='ocr_line' id='line_1_16' title="bbox 129 1609 1223 1704; baseline -0.005 -23"><span class='ocrx_word' id='word_1_119' title='bbox 129 1611 204 1689; x_wconf 81' lang='lat' dir='ltr'><strong>riti,</strong></span> <span class='ocrx_word' id='word_1_120' title='bbox 231 1613 364 1681; x_wconf 87' lang='lat' dir='ltr'><strong>inermes</strong></span> <span class='ocrx_word' id='word_1_121' title='bbox 386 1639 460 1680; x_wconf 89' lang='lat' dir='ltr'><strong>cum</strong></span> <span class='ocrx_word' id='word_1_122' title='bbox 485 1615 593 1680; x_wconf 81' lang='lat' dir='ltr'><strong>infulis</strong></span> <span class='ocrx_word' id='word_1_123' title='bbox 614 1638 679 1680; x_wconf 87' lang='lat' dir='ltr'><strong>sese</strong></span> <span class='ocrx_word' id='word_1_124' title='bbox 693 1625 791 1704; x_wconf 88' lang='lat' dir='ltr'><strong>porta</strong></span> <span class='ocrx_word' id='word_1_125' title='bbox 816 1611 900 1678; x_wconf 81' lang='lat' dir='ltr'><strong>foras</strong></span> <span class='ocrx_word' id='word_1_126' title='bbox 922 1609 1062 1676; x_wconf 87' lang='lat' dir='ltr'><strong>umversi</strong></span> <span class='ocrx_word' id='word_1_127' title='bbox 1081 1609 1223 1700; x_wconf 88' lang='lat' dir='ltr'><strong>proripi-</strong></span> 
     </span>
    </p>

    <p class='ocr_par' dir='ltr' id='par_1_4' title="bbox 90 1693 1242 2309">
     <span class='ocr_line' id='line_1_17' title="bbox 90 1693 1221 1800; baseline -0.002 -36"><span class='ocrx_word' id='word_1_128' title='bbox 90 1729 94 1733; x_wconf 46' lang='lat'><em>*</em></span> <span class='ocrx_word' id='word_1_129' title='bbox 133 1711 212 1776; x_wconf 87' lang='lat' dir='ltr'><strong>unt;</strong></span> <span class='ocrx_word' id='word_1_130' title='bbox 234 1699 277 1767; x_wconf 83' lang='lat' dir='ltr'><strong>ad</strong></span> <span class='ocrx_word' id='word_1_131' title='bbox 302 1699 441 1790; x_wconf 79' lang='lat' dir='ltr'><strong>Legatos</strong></span> <span class='ocrx_word' id='word_1_132' title='bbox 461 1715 559 1790; x_wconf 88' lang='lat' dir='ltr'><strong>atque</strong></span> <span class='ocrx_word' id='word_1_133' title='bbox 573 1700 751 1766; x_wconf 86' lang='lat' dir='ltr'><strong>exercitum</strong></span> <span class='ocrx_word' id='word_1_134' title='bbox 764 1697 925 1800; x_wconf 87' lang='lat' dir='ltr'><strong>subplices</strong></span> <span class='ocrx_word' id='word_1_135' title='bbox 949 1718 1060 1762; x_wconf 84' lang='lat' dir='ltr'><strong>manus</strong></span> <span class='ocrx_word' id='word_1_136' title='bbox 1074 1693 1221 1765; x_wconf 84' lang='lat' dir='ltr'><strong>tendunt.</strong></span> 
     </span>
     <span class='ocr_line' id='line_1_18' title="bbox 137 1781 1224 1865; baseline -0.006 -10"><span class='ocrx_word' id='word_1_137' title='bbox 137 1783 212 1861; x_wconf 76' lang='lat' dir='ltr'><strong>Qua</strong></span> <span class='ocrx_word' id='word_1_138' title='bbox 224 1809 358 1853; x_wconf 87' lang='lat' dir='ltr'><strong>novare</strong></span> <span class='ocrx_word' id='word_1_139' title='bbox 373 1787 495 1865; x_wconf 82' lang='lat' dir='ltr'><strong>oblata,</strong></span> <span class='ocrx_word' id='word_1_140' title='bbox 510 1788 611 1854; x_wconf 89' lang='lat' dir='ltr'><strong>omnis</strong></span> <span class='ocrx_word' id='word_1_141' title='bbox 624 1786 857 1856; x_wconf 73' lang='lat' dir='ltr'><strong>administratio</strong></span> <span class='ocrx_word' id='word_1_142' title='bbox 869 1783 948 1850; x_wconf 92' lang='lat' dir='ltr'><strong>belli</strong></span> <span class='ocrx_word' id='word_1_143' title='bbox 965 1781 1119 1858; x_wconf 80' lang='lat' dir='ltr'><strong>consistit,</strong></span> <span class='ocrx_word' id='word_1_144' title='bbox 1142 1781 1224 1848; x_wconf 89' lang='lat' dir='ltr'><strong>mili·</strong></span> 
     </span>
     <span class='ocr_line' id='line_1_19' title="bbox 136 1866 1225 1965; baseline -0.004 -25"><span class='ocrx_word' id='word_1_145' title='bbox 136 1882 262 1962; x_wconf 81' lang='lat' dir='ltr'><strong>tesque,</strong></span> <span class='ocrx_word' id='word_1_146' title='bbox 285 1875 389 1940; x_wconf 89' lang='lat' dir='ltr'><strong>aversi</strong></span> <span class='ocrx_word' id='word_1_147' title='bbox 403 1899 423 1940; x_wconf 89' lang='lat' dir='ltr'><strong>a</strong></span> <span class='ocrx_word' id='word_1_148' title='bbox 436 1873 566 1965; x_wconf 86' lang='lat' dir='ltr'><strong>proelio,</strong></span> <span class='ocrx_word' id='word_1_149' title='bbox 584 1875 626 1940; x_wconf 89' lang='lat' dir='ltr'><strong>ad</strong></span> <span class='ocrx_word' id='word_1_150' title='bbox 646 1873 787 1940; x_wconf 89' lang='lat' dir='ltr'><strong>studium</strong></span> <span class='ocrx_word' id='word_1_151' title='bbox 801 1869 953 1938; x_wconf 90' lang='lat' dir='ltr'><strong>audiendi</strong></span> <span class='ocrx_word' id='word_1_152' title='bbox 967 1881 1002 1934; x_wconf 89' lang='lat' dir='ltr'><strong>et</strong></span> <span class='ocrx_word' id='word_1_153' title='bbox 1014 1866 1225 1957; x_wconf 82' lang='lat' dir='ltr'><strong>cognoscendi</strong></span> 
     </span>
     <span class='ocr_line' id='line_1_20' title="bbox 131 1957 1224 2050; baseline -0.003 -27"><span class='ocrx_word' id='word_1_154' title='bbox 131 1957 294 2038; x_wconf 72' lang='lat' dir='ltr'><strong>feruntur.</strong></span> <span class='ocrx_word' id='word_1_155' title='bbox 339 1961 410 2027; x_wconf 93' lang='lat' dir='ltr'><strong>Ubi</strong></span> <span class='ocrx_word' id='word_1_156' title='bbox 424 1961 582 2028; x_wconf 83' lang='lat' dir='ltr'><strong>hostessd</strong></span> <span class='ocrx_word' id='word_1_157' title='bbox 595 1961 734 2050; x_wconf 83' lang='lat' dir='ltr'><strong>Legatos</strong></span> <span class='ocrx_word' id='word_1_158' title='bbox 746 1957 983 2044; x_wconf 86' lang='lat' dir='ltr'><strong>exercitumque</strong></span> <span class='ocrx_word' id='word_1_159' title='bbox 1037 1967 1224 2030; x_wconf 89' lang='lat' dir='ltr'><strong>rvenerunt,</strong></span> 
     </span>
     <span class='ocr_line' id='line_1_21' title="bbox 129 2042 1226 2138; baseline -0.003 -27"><span class='ocrx_word' id='word_1_160' title='bbox 129 2045 276 2127; x_wconf 69' lang='lat' dir='ltr'><strong>⁴universi</strong></span> <span class='ocrx_word' id='word_1_161' title='bbox 289 2071 321 2112; x_wconf 89' lang='lat' dir='ltr'><strong>se</strong></span> <span class='ocrx_word' id='word_1_162' title='bbox 335 2046 378 2114; x_wconf 89' lang='lat' dir='ltr'><strong>ad</strong></span> <span class='ocrx_word' id='word_1_163' title='bbox 402 2048 500 2137; x_wconf 83' lang='lat' dir='ltr'><strong>pedes</strong></span> <span class='ocrx_word' id='word_1_164' title='bbox 523 2047 718 2138; x_wconf 77' lang='lat' dir='ltr'><strong>projiciunt;</strong></span> <span class='ocrx_word' id='word_1_165' title='bbox 740 2057 846 2122; x_wconf 89' lang='lat' dir='ltr'><strong>orant,</strong></span> <span class='ocrx_word' id='word_1_166' title='bbox 872 2055 950 2112; x_wconf 85' lang='lat' dir='ltr'><strong>“ut</strong></span> <span class='ocrx_word' id='word_1_167' title='bbox 1015 2053 1130 2109; x_wconf 83' lang='lat' dir='ltr'><strong>ventus</strong></span> <span class='ocrx_word' id='word_1_168' title='bbox 1156 2042 1226 2108; x_wconf 83' lang='lat' dir='ltr'><strong>an-</strong></span> 
     </span>
     <span class='ocr_line' id='line_1_22' title="bbox 137 2129 1224 2228; baseline -0.006 -27"><span class='ocrx_word' id='word_1_169' title='bbox 137 2141 161 2172; x_wconf 87' lang='lat'>“</span> <span class='ocrx_word' id='word_1_170' title='bbox 176 2131 486 2224; x_wconf 73' lang='lat' dir='ltr'><strong>sariserspectetur:</strong></span> <span class='ocrx_word' id='word_1_171' title='bbox 509 2149 635 2228; x_wconf 88' lang='lat' dir='ltr'><strong>captam</strong></span> <span class='ocrx_word' id='word_1_172' title='bbox 648 2157 737 2200; x_wconf 87' lang='lat' dir='ltr'><strong>suam</strong></span> <span class='ocrx_word' id='word_1_173' title='bbox 756 2133 871 2200; x_wconf 88' lang='lat' dir='ltr'><strong>urbem</strong></span> <span class='ocrx_word' id='word_1_174' title='bbox 891 2129 1006 2205; x_wconf 90' lang='lat' dir='ltr'><strong>videri,</strong></span> <span class='ocrx_word' id='word_1_175' title='bbox 1026 2152 1046 2193; x_wconf 94' lang='grc' dir='ltr'>ο</span> <span class='ocrx_word' id='word_1_176' title='bbox 1071 2153 1127 2194; x_wconf 88' lang='lat' dir='ltr'><strong>era</strong></span> <span class='ocrx_word' id='word_1_177' title='bbox 1152 2153 1224 2219; x_wconf 90' lang='lat' dir='ltr'><strong>per-</strong></span> 
     </span>
     <span class='ocr_line' id='line_1_23' title="bbox 139 2153 1242 2309; baseline -0.003 -24"><span class='ocrx_word' id='word_1_178' title='bbox 139 2229 161 2260; x_wconf 88' lang='lat'>“</span> <span class='ocrx_word' id='word_1_179' title='bbox 178 2219 278 2298; x_wconf 79' lang='lat' dir='ltr'><strong>fecta,</strong></span> <span class='ocrx_word' id='word_1_180' title='bbox 303 2233 427 2288; x_wconf 88' lang='lat' dir='ltr'><strong>turrem</strong></span> <span class='ocrx_word' id='word_1_181' title='bbox 451 2221 642 2296; x_wconf 69' lang='lat' dir='ltr'><strong>subrutam</strong></span> <span class='ocrx_word' id='word_1_182' title='bbox 665 2221 775 2309; x_wconf 84' lang='lat' dir='ltr'><strong>itaque</strong></span> <span class='ocrx_word' id='word_1_183' title='bbox 798 2244 818 2288; x_wconf 88' lang='lat' dir='ltr'><strong>a</strong></span> <span class='ocrx_word' id='word_1_184' title='bbox 843 2217 1025 2286; x_wconf 86' lang='lat' dir='ltr'><strong>defensioue</strong></span> <span class='ocrx_word' id='word_1_185' title='bbox 1047 2153 1242 2283; x_wconf 79' lang='lat' dir='ltr'><strong>ldesistere:¹</strong></span> 
     </span>
    </p>

    <p class='ocr_par' dir='ltr' id='par_1_5' title="bbox 99 2302 1287 2895">
     <span class='ocr_line' id='line_1_24' title="bbox 99 2302 1227 2399; baseline -0.002 -27"><span class='ocrx_word' id='word_1_186' title='bbox 99 2317 105 2326; x_wconf 82' lang='grc'><strong>’</strong></span> <span class='ocrx_word' id='word_1_187' title='bbox 139 2316 162 2347; x_wconf 89' lang='grc'><strong>“</strong></span> <span class='ocrx_word' id='word_1_188' title='bbox 178 2303 301 2374; x_wconf 87' lang='lat' dir='ltr'><strong>nullam</strong></span> <span class='ocrx_word' id='word_1_189' title='bbox 316 2307 436 2375; x_wconf 85' lang='lat' dir='ltr'><strong>exoriri</strong></span> <span class='ocrx_word' id='word_1_190' title='bbox 450 2331 572 2387; x_wconf 76' lang='lat' dir='ltr'><strong>moram</strong></span> <span class='ocrx_word' id='word_1_191' title='bbox 584 2331 684 2399; x_wconf 85' lang='lat' dir='ltr'><strong>posse,</strong></span> <span class='ocrx_word' id='word_1_192' title='bbox 699 2307 895 2398; x_wconf 82' lang='lat' dir='ltr'><strong>quominus,</strong></span> <span class='ocrx_word' id='word_1_193' title='bbox 916 2327 1018 2394; x_wconf 87' lang='lat' dir='ltr'><strong>quum</strong></span> <span class='ocrx_word' id='word_1_194' title='bbox 1030 2303 1179 2380; x_wconf 87' lang='lat' dir='ltr'><strong>venisset,</strong></span> <span class='ocrx_word' id='word_1_195' title='bbox 1200 2302 1227 2370; x_wconf 84' lang='lat' dir='ltr'><strong>si</strong></span> 
     </span>
     <span class='ocr_line' id='line_1_25' title="bbox 137 2387 1228 2484; baseline -0.006 -25"><span class='ocrx_word' id='word_1_196' title='bbox 137 2392 336 2484; x_wconf 76' lang='lat' dir='ltr'><strong>“imperata</strong></span> <span class='ocrx_word' id='word_1_197' title='bbox 350 2417 413 2462; x_wconf 91' lang='lat' dir='ltr'><strong>non</strong></span> <span class='ocrx_word' id='word_1_198' title='bbox 425 2394 580 2473; x_wconf 84' lang='lat' dir='ltr'><strong>facerent,</strong></span> <span class='ocrx_word' id='word_1_199' title='bbox 603 2393 644 2462; x_wconf 87' lang='lat' dir='ltr'><strong>ad</strong></span> <span class='ocrx_word' id='word_1_200' title='bbox 668 2409 814 2462; x_wconf 86' lang='lat' dir='ltr'><strong>nutume</strong></span> <span class='ocrx_word' id='word_1_201' title='bbox 837 2391 974 2481; x_wconf 84' lang='lat' dir='ltr'><strong>vestigio</strong></span> <span class='ocrx_word' id='word_1_202' title='bbox 996 2387 1228 2481; x_wconf 86' lang='lat' dir='ltr'><strong>diriperentur.</strong></span> 
     </span>
     <span class='ocr_line' id='line_1_26' title="bbox 139 2477 1228 2566; baseline -0.002 -20"><span class='ocrx_word' id='word_1_203' title='bbox 139 2490 162 2522; x_wconf 76' lang='lat'><strong>‘⁶</strong></span> <span class='ocrx_word' id='word_1_204' title='bbox 179 2478 322 2557; x_wconf 79' lang='lat' dir='ltr'><strong>Ducant,</strong></span> <span class='ocrx_word' id='word_1_205' title='bbox 347 2482 373 2548; x_wconf 88' lang='lat' dir='ltr'><strong>si</strong></span> <span class='ocrx_word' id='word_1_206' title='bbox 394 2482 522 2551; x_wconf 90' lang='lat' dir='ltr'><strong>omnino</strong></span> <span class='ocrx_word' id='word_1_207' title='bbox 550 2483 649 2552; x_wconf 86' lang='lat' dir='ltr'><strong>turris</strong></span> <span class='ocrx_word' id='word_1_208' title='bbox 675 2479 875 2556; x_wconf 80' lang='lat' dir='ltr'><strong>concidisset,</strong></span> <span class='ocrx_word' id='word_1_209' title='bbox 903 2499 967 2546; x_wconf 89' lang='lat' dir='ltr'><strong>non</strong></span> <span class='ocrx_word' id='word_1_210' title='bbox 992 2501 1083 2566; x_wconf 85' lang='lat' dir='ltr'><strong>posse</strong></span> <span class='ocrx_word' id='word_1_211' title='bbox 1111 2477 1228 2544; x_wconf 67' lang='lat' dir='ltr'><strong>militm</strong></span> 
     </span>
     <span class='ocr_line' id='line_1_27' title="bbox 139 2563 1287 2665; baseline -0.001 -31"><span class='ocrx_word' id='word_1_212' title='bbox 139 2577 162 2608; x_wconf 90' lang='lat'><strong>“</strong></span> <span class='ocrx_word' id='word_1_213' title='bbox 180 2567 349 2655; x_wconf 80' lang='lat' dir='ltr'><strong>contineri,</strong></span> <span class='ocrx_word' id='word_1_214' title='bbox 374 2569 483 2657; x_wconf 87' lang='lat' dir='ltr'><strong>qnins</strong></span> <span class='ocrx_word' id='word_1_215' title='bbox 540 2569 656 2659; x_wconf 68' lang='lat' dir='ltr'><strong>praedae</strong></span> <span class='ocrx_word' id='word_1_216' title='bbox 674 2570 706 2634; x_wconf 91' lang='lat' dir='ltr'><strong>in</strong></span> <span class='ocrx_word' id='word_1_217' title='bbox 721 2569 836 2636; x_wconf 87' lang='lat' dir='ltr'><strong>urbem</strong></span> <span class='ocrx_word' id='word_1_218' title='bbox 857 2567 1078 2665; x_wconf 87' lang='lat' dir='ltr'><strong>inrumperent</strong></span> <span class='ocrx_word' id='word_1_219' title='bbox 1101 2563 1229 2634; x_wconf 83' lang='lat' dir='ltr'><strong>urbem·</strong></span> <span class='ocrx_word' id='word_1_220' title='bbox 1275 2591 1287 2602; x_wconf 95' lang='lat'><em>·</em></span> 
     </span>
     <span class='ocr_line' id='line_1_28' title="bbox 141 2649 1230 2745; baseline -0.004 -27"><span class='ocrx_word' id='word_1_221' title='bbox 141 2662 165 2693; x_wconf 90' lang='lat'>“</span> <span class='ocrx_word' id='word_1_222' title='bbox 205 2677 246 2719; x_wconf 85' lang='lat' dir='ltr'><strong>uc</strong></span> <span class='ocrx_word' id='word_1_223' title='bbox 264 2653 444 2724; x_wconf 88' lang='lat' dir='ltr'><strong>delerent.”</strong></span> <span class='ocrx_word' id='word_1_224' title='bbox 523 2681 568 2724; x_wconf 79' lang='lat' dir='ltr'><strong>aec</strong></span> <span class='ocrx_word' id='word_1_225' title='bbox 588 2669 686 2744; x_wconf 90' lang='lat' dir='ltr'><strong>atque</strong></span> <span class='ocrx_word' id='word_1_226' title='bbox 708 2653 847 2745; x_wconf 82' lang='lat' dir='ltr'><strong>ejusdem</strong></span> <span class='ocrx_word' id='word_1_227' title='bbox 863 2649 1180 2742; x_wconf 79' lang='lat' dir='ltr'><strong>generrsoomplura,</strong></span> <span class='ocrx_word' id='word_1_228' title='bbox 1192 2662 1230 2716; x_wconf 88' lang='lat' dir='ltr'><strong>ut</strong></span> 
     </span>
     <span class='ocr_line' id='line_1_29' title="bbox 139 2733 1229 2843; baseline -0.003 -37"><span class='ocrx_word' id='word_1_229' title='bbox 139 2739 184 2806; x_wconf 85' lang='lat' dir='ltr'><strong>ab</strong></span> <span class='ocrx_word' id='word_1_230' title='bbox 219 2739 379 2843; x_wconf 75' lang='lat' dir='ltr'><strong>nminibus</strong></span> <span class='ocrx_word' id='word_1_231' title='bbox 397 2742 511 2820; x_wconf 80' lang='lat' dir='ltr'><strong>doctis,</strong></span> <span class='ocrx_word' id='word_1_232' title='bbox 534 2765 738 2834; x_wconf 80' lang='lat' dir='ltr'><strong>magnacum</strong></span> <span class='ocrx_word' id='word_1_233' title='bbox 757 2737 975 2813; x_wconf 84' lang='lat' dir='ltr'><strong>misericordia</strong></span> <span class='ocrx_word' id='word_1_234' title='bbox 999 2733 1143 2826; x_wconf 86' lang='lat' dir='ltr'><strong>fletuque</strong></span> <span class='ocrx_word' id='word_1_235' title='bbox 1156 2757 1229 2828; x_wconf 88' lang='lat' dir='ltr'><strong>pro·</strong></span> 
     </span>
     <span class='ocr_line' id='line_1_30' title="bbox 139 2841 343 2895; baseline -0.01 -1"><span class='ocrx_word' id='word_1_236' title='bbox 139 2841 343 2895; x_wconf 79' lang='lat' dir='ltr'><strong>nunciantur.</strong></span> 
     </span>
    </p>

    <p class='ocr_par' dir='ltr' id='par_1_6' title="bbox 131 2905 1233 3180">
     <span class='ocr_line' id='line_1_31' title="bbox 189 2905 1230 3006; baseline -0.001 -26"><span class='ocrx_word' id='word_1_237' title='bbox 189 2914 239 2980; x_wconf 89' lang='lat'><strong>13.</strong></span> <span class='ocrx_word' id='word_1_238' title='bbox 265 2915 391 2995; x_wconf 84' lang='lat' dir='ltr'><strong>Quibus</strong></span> <span class='ocrx_word' id='word_1_239' title='bbox 413 2915 511 2981; x_wconf 76' lang='lat' dir='ltr'><strong>vebus</strong></span> <span class='ocrx_word' id='word_1_240' title='bbox 532 2915 682 2983; x_wconf 90' lang='lat' dir='ltr'><strong>commoti</strong></span> <span class='ocrx_word' id='word_1_241' title='bbox 702 2913 818 3006; x_wconf 77' lang='lat' dir='ltr'><strong>Legati</strong></span> <span class='ocrx_word' id='word_1_242' title='bbox 829 2911 946 2978; x_wconf 84' lang='lat' dir='ltr'><strong>milites</strong></span> <span class='ocrx_word' id='word_1_243' title='bbox 964 2935 1005 2978; x_wconf 85' lang='lat' dir='ltr'><strong>ex</strong></span> <span class='ocrx_word' id='word_1_244' title='bbox 1016 2933 1115 3000; x_wconf 87' lang='lat' dir='ltr'><strong>opere</strong></span> <span class='ocrx_word' id='word_1_245' title='bbox 1130 2905 1230 2979; x_wconf 90' lang='lat' dir='ltr'><strong>dedu·</strong></span> 
     </span>
     <span class='ocr_line' id='line_1_32' title="bbox 131 2997 1230 3093; baseline -0.005 -25"><span class='ocrx_word' id='word_1_246' title='bbox 131 3013 234 3084; x_wconf 82' lang='lat' dir='ltr'><strong>cunt,</strong></span> <span class='ocrx_word' id='word_1_247' title='bbox 246 3001 487 3092; x_wconf 79' lang='lat' dir='ltr'><strong>obpugnatione</strong></span> <span class='ocrx_word' id='word_1_248' title='bbox 501 3000 671 3079; x_wconf 84' lang='lat' dir='ltr'><strong>desistunt,</strong></span> <span class='ocrx_word' id='word_1_249' title='bbox 687 3001 842 3093; x_wconf 88' lang='lat' dir='ltr'><strong>operibus</strong></span> <span class='ocrx_word' id='word_1_250' title='bbox 856 2997 1016 3066; x_wconf 84' lang='lat' dir='ltr'><strong>custodias</strong></span> <span class='ocrx_word' id='word_1_251' title='bbox 1029 2997 1230 3086; x_wconf 89' lang='lat' dir='ltr'><strong>relinquunt.</strong></span> 
     </span>
     <span class='ocr_line' id='line_1_33' title="bbox 142 3084 1233 3180; baseline -0.002 -26"><span class='ocrx_word' id='word_1_252' title='bbox 142 3085 352 3158; x_wconf 84' lang='lat' dir='ltr'><strong>induciarum</strong></span> <span class='ocrx_word' id='word_1_253' title='bbox 388 3089 529 3180; x_wconf 84' lang='lat' dir='ltr'><strong>quodam</strong></span> <span class='ocrx_word' id='word_1_254' title='bbox 563 3113 680 3180; x_wconf 81' lang='lat' dir='ltr'><strong>genere</strong></span> <span class='ocrx_word' id='word_1_255' title='bbox 708 3085 925 3159; x_wconf 83' lang='lat' dir='ltr'><strong>misericordia</strong></span> <span class='ocrx_word' id='word_1_256' title='bbox 949 3087 1048 3163; x_wconf 78' lang='lat' dir='ltr'><strong>facto,</strong></span> <span class='ocrx_word' id='word_1_257' title='bbox 1076 3084 1233 3157; x_wconf 78' lang='lat' dir='ltr'><strong>adventus</strong></span> 
     </span>
    </p>
   </div>
   <div class='ocr_carea' id='block_1_3' title="bbox 137 3277 1327 4257">
    <p class='ocr_par' dir='ltr' id='par_1_7' title="bbox 180 3277 1233 3349">
     <span class='ocr_line' id='line_1_34' title="bbox 180 3277 1233 3349; baseline -0.006 -15"><span class='ocrx_word' id='word_1_258' title='bbox 180 3281 539 3349; x_wconf 53' lang='lat' dir='ltr'><strong>lamundelutigiodl.</strong></span> <span class='ocrx_word' id='word_1_259' title='bbox 748 3281 915 3344; x_wconf 58' lang='lat' dir='ltr'><strong>Gumhfisls&#39;s.</strong></span> <span class='ocrx_word' id='word_1_260' title='bbox 931 3277 1233 3338; x_wconf 63' lang='lat' dir='ltr'><strong>ommunicatus.</strong></span> 
     </span>
    </p>

    <p class='ocr_par' dir='ltr' id='par_1_8' title="bbox 137 3345 1327 4244">
     <span class='ocr_line' id='line_1_35' title="bbox 185 3345 872 3413; baseline -0.009 -15"><span class='ocrx_word' id='word_1_261' title='bbox 185 3345 502 3413; x_wconf 55' lang='lat' dir='ltr'><strong>hormen—pamla.</strong></span> <span class='ocrx_word' id='word_1_262' title='bbox 533 3348 663 3398; x_wconf 78' lang='lat' dir='ltr'><strong>Haecom-</strong></span> <span class='ocrx_word' id='word_1_263' title='bbox 711 3347 872 3406; x_wconf 66' lang='lat' dir='ltr'><strong>Lissum.</strong></span> 
     </span>
     <span class='ocr_line' id='line_1_36' title="bbox 145 3403 1231 3477; baseline -0.007 -13"><span class='ocrx_word' id='word_1_264' title='bbox 145 3411 190 3463; x_wconf 72' lang='lat' dir='ltr'><strong>ria</strong></span> <span class='ocrx_word' id='word_1_265' title='bbox 214 3411 306 3464; x_wconf 75' lang='lat' dir='ltr'><strong>absum</strong></span> <span class='ocrx_word' id='word_1_266' title='bbox 327 3415 434 3462; x_wconf 81' lang='lat' dir='ltr'><strong>acodd.</strong></span> <span class='ocrx_word' id='word_1_267' title='bbox 466 3412 553 3477; x_wconf 78' lang='lat' dir='ltr'><strong>eujae.</strong></span> <span class='ocrx_word' id='word_1_268' title='bbox 575 3413 663 3462; x_wconf 74' lang='lat' dir='ltr'><strong>Peter.</strong></span> <span class='ocrx_word' id='word_1_269' title='bbox 706 3467 711 3470; x_wconf 62' lang='grc'><strong>,</strong></span> <span class='ocrx_word' id='word_1_270' title='bbox 746 3409 997 3476; x_wconf 68' lang='lat' dir='ltr'><strong>cauma-otono.</strong></span> <span class='ocrx_word' id='word_1_271' title='bbox 1019 3403 1231 3458; x_wconf 68' lang='lat' dir='ltr'><strong>stercoranda.</strong></span> 
     </span>
     <span class='ocr_line' id='line_1_37' title="bbox 148 3473 1189 3542; baseline -0.006 -12"><span class='ocrx_word' id='word_1_272' title='bbox 148 3477 255 3530; x_wconf 80' lang='lat' dir='ltr'><strong>Norvic.</strong></span> <span class='ocrx_word' id='word_1_273' title='bbox 275 3475 349 3528; x_wconf 63' lang='lat' dir='ltr'><strong>laid.</strong></span> <span class='ocrx_word' id='word_1_274' title='bbox 395 3478 459 3538; x_wconf 81' lang='lat' dir='ltr'><strong>iuro,</strong></span> <span class='ocrx_word' id='word_1_275' title='bbox 478 3477 573 3542; x_wconf 73' lang='lat' dir='ltr'><strong>quinat</strong></span> <span class='ocrx_word' id='word_1_276' title='bbox 583 3479 665 3528; x_wconf 76' lang='lat' dir='ltr'><strong>codex</strong></span> <span class='ocrx_word' id='word_1_277' title='bbox 712 3485 762 3528; x_wconf 86' lang='lat' dir='ltr'><strong>ret.</strong></span> <span class='ocrx_word' id='word_1_278' title='bbox 774 3474 890 3526; x_wconf 77' lang='lat' dir='ltr'><strong>Rentleio</strong></span> <span class='ocrx_word' id='word_1_279' title='bbox 897 3473 993 3540; x_wconf 84' lang='lat' dir='ltr'><strong>J&#39;udice.</strong></span> <span class='ocrx_word' id='word_1_280' title='bbox 1010 3475 1086 3538; x_wconf 74' lang='lat' dir='ltr'><strong>vulg.</strong></span> <span class='ocrx_word' id='word_1_281' title='bbox 1096 3473 1189 3524; x_wconf 69' lang='lat' dir='ltr'><strong>eldm-</strong></span> 
     </span>
     <span class='ocr_line' id='line_1_38' title="bbox 147 3537 1232 3608; baseline -0.006 -14"><span class='ocrx_word' id='word_1_282' title='bbox 147 3541 270 3608; x_wconf 76' lang='lat' dir='ltr'><strong>optimus.</strong></span> <span class='ocrx_word' id='word_1_283' title='bbox 287 3540 362 3593; x_wconf 79' lang='lat' dir='ltr'><strong>Voss.</strong></span> <span class='ocrx_word' id='word_1_284' title='bbox 395 3557 560 3607; x_wconf 80' lang='lat' dir='ltr'><strong>ovannaque</strong></span> <span class='ocrx_word' id='word_1_285' title='bbox 570 3551 664 3592; x_wconf 85' lang='lat' dir='ltr'><strong>temere</strong></span> <span class='ocrx_word' id='word_1_286' title='bbox 747 3543 829 3606; x_wconf 76' lang='lat' dir='ltr'><strong>Opera</strong></span> <span class='ocrx_word' id='word_1_287' title='bbox 856 3537 999 3602; x_wconf 79' lang='lat' dir='ltr'><strong>(machinas</strong></span> <span class='ocrx_word' id='word_1_288' title='bbox 1026 3549 1052 3588; x_wconf 87' lang='lat' dir='ltr'><strong>et</strong></span> <span class='ocrx_word' id='word_1_289' title='bbox 1077 3537 1232 3588; x_wconf 76' lang='lat' dir='ltr'><strong>munitiones</strong></span> 
     </span>
     <span class='ocr_line' id='line_1_39' title="bbox 148 3601 1179 3672; baseline -0.006 -14"><span class='ocrx_word' id='word_1_290' title='bbox 148 3605 307 3672; x_wconf 70' lang='lat' dir='ltr'><strong>flerip‘otuit,</strong></span> <span class='ocrx_word' id='word_1_291' title='bbox 322 3617 350 3658; x_wconf 86' lang='lat' dir='ltr'><strong>ut</strong></span> <span class='ocrx_word' id='word_1_292' title='bbox 365 3609 534 3658; x_wconf 79' lang='lat' dir='ltr'><strong>tammultsa</strong></span> <span class='ocrx_word' id='word_1_293' title='bbox 567 3602 678 3658; x_wconf 76' lang='lat' dir='ltr'><strong>laribua&#39;</strong></span> <span class='ocrx_word' id='word_1_294' title='bbox 712 3601 1125 3670; x_wconf 58' lang='lat' dir='ltr'><strong>eonruniexercitusmoota.</strong></span> <span class='ocrx_word' id='word_1_295' title='bbox 1141 3604 1179 3654; x_wconf 76' lang='lat' dir='ltr'><strong>M.</strong></span> 
     </span>
     <span class='ocr_line' id='line_1_40' title="bbox 148 3625 1233 3744; baseline -0.004 -22"><span class='ocrx_word' id='word_1_296' title='bbox 148 3673 329 3722; x_wconf 82' lang='lat' dir='ltr'><strong>omitterentur.</strong></span> <span class='ocrx_word' id='word_1_297' title='bbox 360 3673 395 3722; x_wconf 83' lang='lat' dir='ltr'><strong>Et</strong></span> <span class='ocrx_word' id='word_1_298' title='bbox 412 3681 449 3724; x_wconf 86' lang='lat' dir='ltr'><strong>est</strong></span> <span class='ocrx_word' id='word_1_299' title='bbox 467 3625 568 3736; x_wconf 78' lang='lat' dir='ltr'><strong>aliquid</strong></span> <span class='ocrx_word' id='word_1_300' title='bbox 582 3681 664 3723; x_wconf 85' lang='lat' dir='ltr'><strong>tauto-</strong></span> <span class='ocrx_word' id='word_1_301' title='bbox 747 3673 796 3736; x_wconf 82' lang='lat' dir='ltr'><strong>Spe</strong></span> <span class='ocrx_word' id='word_1_302' title='bbox 819 3670 922 3735; x_wconf 62' lang='lat' dir='ltr'><strong>praeda.</strong></span> <span class='ocrx_word' id='word_1_303' title='bbox 952 3669 1046 3744; x_wconf 26' lang='lat' dir='ltr'><strong>neoda.</strong></span> <span class='ocrx_word' id='word_1_304' title='bbox 1072 3667 1175 3743; x_wconf 81' lang='lat' dir='ltr'><strong>quidam</strong></span> <span class='ocrx_word' id='word_1_305' title='bbox 1206 3683 1233 3718; x_wconf 79' lang='lat' dir='ltr'><strong>se</strong></span> 
     </span>
     <span class='ocr_line' id='line_1_41' title="bbox 146 3733 1231 3802; baseline -0.007 -16"><span class='ocrx_word' id='word_1_306' title='bbox 146 3737 223 3802; x_wconf 67' lang='lat' dir='ltr'><strong>logias</strong></span> <span class='ocrx_word' id='word_1_307' title='bbox 243 3737 271 3786; x_wconf 88' lang='lat' dir='ltr'><strong>in</strong></span> <span class='ocrx_word' id='word_1_308' title='bbox 292 3737 342 3798; x_wconf 78' lang='lat' dir='ltr'><strong>nis,</strong></span> <span class='ocrx_word' id='word_1_309' title='bbox 358 3741 435 3788; x_wconf 75' lang='lat' dir='ltr'><strong>mrim</strong></span> <span class='ocrx_word' id='word_1_310' title='bbox 453 3741 583 3802; x_wconf 65' lang='lat' dir='ltr'><strong>repentbso</strong></span> <span class='ocrx_word' id='word_1_311' title='bbox 600 3755 665 3788; x_wconf 75' lang='lat' dir='ltr'><strong>oont-</strong></span> <span class='ocrx_word' id='word_1_312' title='bbox 710 3737 815 3802; x_wconf 66' lang='lat' dir='ltr'><strong>procla,</strong></span> <span class='ocrx_word' id='word_1_313' title='bbox 834 3735 900 3794; x_wconf 81' lang='lat' dir='ltr'><strong>unde</strong></span> <span class='ocrx_word' id='word_1_314' title='bbox 911 3733 999 3784; x_wconf 83' lang='lat' dir='ltr'><strong>Herus.</strong></span> <span class='ocrx_word' id='word_1_315' title='bbox 1018 3733 1108 3784; x_wconf 68' lang='lat' dir='ltr'><strong>adsit.</strong></span> <span class='ocrx_word' id='word_1_316' title='bbox 1126 3733 1180 3784; x_wconf 84' lang='lat' dir='ltr'><strong>lut.</strong></span> <span class='ocrx_word' id='word_1_317' title='bbox 1194 3733 1231 3782; x_wconf 77' lang='lat'><strong>12.</strong></span> 
     </span>
     <span class='ocr_line' id='line_1_42' title="bbox 137 3797 1232 3868; baseline -0.002 -16"><span class='ocrx_word' id='word_1_318' title='bbox 137 3807 219 3868; x_wconf 59' lang='grc' dir='ltr'><strong>μᾶ,</strong></span> <span class='ocrx_word' id='word_1_319' title='bbox 227 3809 253 3852; x_wconf 84' lang='lat' dir='ltr'><strong>et</strong></span> <span class='ocrx_word' id='word_1_320' title='bbox 260 3804 567 3866; x_wconf 74' lang='lat' dir='ltr'><strong>inopinotomoloturbatr&#39;.</strong></span> <span class='ocrx_word' id='word_1_321' title='bbox 579 3801 665 3852; x_wconf 85' lang='lat' dir='ltr'><strong>Etiam</strong></span> <span class='ocrx_word' id='word_1_322' title='bbox 714 3805 772 3852; x_wconf 78' lang='lat'><strong>438.</strong></span> <span class='ocrx_word' id='word_1_323' title='bbox 790 3807 816 3850; x_wconf 89' lang='lat' dir='ltr'><strong>et</strong></span> <span class='ocrx_word' id='word_1_324' title='bbox 833 3797 899 3848; x_wconf 89' lang='lat' dir='ltr'><strong>Oud.</strong></span> <span class='ocrx_word' id='word_1_325' title='bbox 915 3799 1067 3864; x_wconf 79' lang='lat' dir='ltr'><strong>arbitrantur</strong></span> <span class='ocrx_word' id='word_1_326' title='bbox 1079 3799 1129 3864; x_wconf 78' lang='lat' dir='ltr'><strong>leg.</strong></span> <span class='ocrx_word' id='word_1_327' title='bbox 1148 3815 1174 3850; x_wconf 73' lang='lat' dir='ltr'><em>u</em></span> <span class='ocrx_word' id='word_1_328' title='bbox 1189 3813 1232 3868; x_wconf 70' lang='lat' dir='ltr'><strong>tp</strong></span> 
     </span>
     <span class='ocr_line' id='line_1_43' title="bbox 148 3867 1327 3933; baseline -0.003 -16"><span class='ocrx_word' id='word_1_329' title='bbox 148 3867 440 3933; x_wconf 69' lang='lat' dir='ltr'><strong>direptiouepertem&#39;tur</strong></span> <span class='ocrx_word' id='word_1_330' title='bbox 451 3867 592 3917; x_wconf 86' lang='lat' dir='ltr'><strong>necessario</strong></span> <span class='ocrx_word' id='word_1_331' title='bbox 607 3868 633 3916; x_wconf 89' lang='lat' dir='ltr'><strong>h.</strong></span> <span class='ocrx_word' id='word_1_332' title='bbox 645 3869 666 3918; x_wconf 93' lang='grc'><strong>1.</strong></span> <span class='ocrx_word' id='word_1_333' title='bbox 712 3867 814 3932; x_wconf 62' lang='grc' dir='ltr'><strong>γνώω.</strong></span> <span class='ocrx_word' id='word_1_334' title='bbox 1225 3916 1228 3921; x_wconf 79' lang='grc'><strong>,</strong></span> <span class='ocrx_word' id='word_1_335' title='bbox 1325 3925 1327 3929; x_wconf 14' lang='grc' dir='ltr'><strong><em>γ</em></strong></span> 
     </span>
     <span class='ocr_line' id='line_1_44' title="bbox 147 3927 1234 3998; baseline -0.001 -17"><span class='ocrx_word' id='word_1_336' title='bbox 147 3933 206 3992; x_wconf 85' lang='lat' dir='ltr'><strong>erit,</strong></span> <span class='ocrx_word' id='word_1_337' title='bbox 217 3944 285 3981; x_wconf 87' lang='lat' dir='ltr'><strong>metu</strong></span> <span class='ocrx_word' id='word_1_338' title='bbox 295 3931 447 3996; x_wconf 84' lang='lat' dir='ltr'><strong>direptionis</strong></span> <span class='ocrx_word' id='word_1_339' title='bbox 458 3930 603 3983; x_wconf 84' lang='lat' dir='ltr'><strong>inminentis</strong></span> <span class='ocrx_word' id='word_1_340' title='bbox 612 3947 667 3998; x_wconf 75' lang='lat' dir='ltr'><strong>per·</strong></span> <span class='ocrx_word' id='word_1_341' title='bbox 750 3931 901 3982; x_wconf 64' lang='lat' dir='ltr'><strong>Hannone</strong></span> <span class='ocrx_word' id='word_1_342' title='bbox 919 3929 1003 3989; x_wconf 56' lang='lat' dir='ltr'><strong>doctis</strong></span> <span class='ocrx_word' id='word_1_343' title='bbox 1020 3927 1144 3980; x_wconf 78' lang='lat' dir='ltr'><strong>iucundis.</strong></span> <span class='ocrx_word' id='word_1_344' title='bbox 1175 3929 1234 3980; x_wconf 73' lang='lat' dir='ltr'><strong>Vor-</strong></span> 
     </span>
     <span class='ocr_line' id='line_1_45' title="bbox 149 3992 1233 4061; baseline -0.003 -15"><span class='ocrx_word' id='word_1_345' title='bbox 149 3995 260 4047; x_wconf 81' lang='lat' dir='ltr'><strong>territus.</strong></span> <span class='ocrx_word' id='word_1_346' title='bbox 298 3997 346 4046; x_wconf 80' lang='lat' dir='ltr'><strong>Est</strong></span> <span class='ocrx_word' id='word_1_347' title='bbox 373 3996 450 4061; x_wconf 81' lang='lat' dir='ltr'><strong>igitur</strong></span> <span class='ocrx_word' id='word_1_348' title='bbox 476 3997 609 4058; x_wconf 89' lang='lat' dir='ltr'><strong>incertum,</strong></span> <span class='ocrx_word' id='word_1_349' title='bbox 633 4012 667 4048; x_wconf 76' lang='lat' dir='ltr'><strong>aa</strong></span> <span class='ocrx_word' id='word_1_350' title='bbox 714 3999 775 4047; x_wconf 71' lang='lat' dir='ltr'><strong>tius.</strong></span> <span class='ocrx_word' id='word_1_351' title='bbox 813 3997 847 4049; x_wconf 80' lang='lat' dir='ltr'><strong>Et</strong></span> <span class='ocrx_word' id='word_1_352' title='bbox 867 3992 956 4060; x_wconf 86' lang='lat' dir='ltr'><strong>quidni</strong></span> <span class='ocrx_word' id='word_1_353' title='bbox 978 3994 1063 4059; x_wconf 75' lang='lat' dir='ltr'><strong>aliqua</strong></span> <span class='ocrx_word' id='word_1_354' title='bbox 1090 3995 1233 4046; x_wconf 71' lang='lat' dir='ltr'><strong>Graecarum</strong></span> 
     </span>
     <span class='ocr_line' id='line_1_46' title="bbox 150 4059 1307 4126; baseline 0.001 -14"><span class='ocrx_word' id='word_1_355' title='bbox 150 4061 226 4112; x_wconf 80' lang='lat' dir='ltr'><strong>rerba</strong></span> <span class='ocrx_word' id='word_1_356' title='bbox 243 4061 308 4121; x_wconf 78' lang='lat' dir='ltr'><strong>uae,</strong></span> <span class='ocrx_word' id='word_1_357' title='bbox 325 4069 352 4110; x_wconf 91' lang='lat' dir='ltr'><strong>et</strong></span> <span class='ocrx_word' id='word_1_358' title='bbox 364 4060 469 4126; x_wconf 79' lang='lat' dir='ltr'><strong>quidem</strong></span> <span class='ocrx_word' id='word_1_359' title='bbox 478 4061 564 4115; x_wconf 79' lang='lat' dir='ltr'><strong>omniu</strong></span> <span class='ocrx_word' id='word_1_360' title='bbox 574 4077 605 4114; x_wconf 81' lang='lat' dir='ltr'><strong>oc</strong></span> <span class='ocrx_word' id='word_1_361' title='bbox 616 4060 667 4114; x_wconf 86' lang='lat' dir='ltr'><strong>sin-</strong></span> <span class='ocrx_word' id='word_1_362' title='bbox 715 4062 846 4112; x_wconf 84' lang='lat' dir='ltr'><strong>literarum</strong></span> <span class='ocrx_word' id='word_1_363' title='bbox 854 4060 992 4110; x_wconf 84' lang='lat' dir='ltr'><strong>adsuetudo</strong></span> <span class='ocrx_word' id='word_1_364' title='bbox 1011 4059 1090 4124; x_wconf 67' lang='lat' dir='ltr'><strong>(aad</strong></span> <span class='ocrx_word' id='word_1_365' title='bbox 1105 4060 1234 4123; x_wconf 72' lang='grc' dir='ltr'><strong>1,99)εοι</strong></span> <span class='ocrx_word' id='word_1_366' title='bbox 1301 4089 1307 4102; x_wconf 88' lang='grc'>·</span> 
     </span>
     <span class='ocr_line' id='line_1_47' title="bbox 149 4123 1235 4244; baseline -0.006 -64"><span class='ocrx_word' id='word_1_367' title='bbox 149 4129 219 4194; x_wconf 72' lang='lat' dir='ltr'><strong>gula,</strong></span> <span class='ocrx_word' id='word_1_368' title='bbox 227 4125 404 4180; x_wconf 65' lang='lat' dir='ltr'><strong>Genuam</strong></span> <span class='ocrx_word' id='word_1_369' title='bbox 419 4127 459 4180; x_wconf 74' lang='lat' dir='ltr'><strong>ds.</strong></span> <span class='ocrx_word' id='word_1_370' title='bbox 715 4127 839 4244; x_wconf 55' lang='lat' dir='ltr'><strong>hactppus</strong></span> <span class='ocrx_word' id='word_1_371' title='bbox 855 4125 1139 4242; x_wconf 48' lang='lat' dir='ltr'><strong>qunqufiexpoliverit?</strong></span> <span class='ocrx_word' id='word_1_372' title='bbox 1177 4123 1235 4177; x_wconf 81' lang='lat' dir='ltr'><strong>Cic.</strong></span> 
     </span>
    </p>

    <p class='ocr_par' dir='ltr' id='par_1_9' title="bbox 717 4195 974 4257">
     <span class='ocr_line' id='line_1_48' title="bbox 717 4195 974 4257; baseline -0.016 -13"><span class='ocrx_word' id='word_1_373' title='bbox 717 4207 766 4257; x_wconf 84' lang='lat' dir='ltr'><strong>pro</strong></span> <span class='ocrx_word' id='word_1_374' title='bbox 802 4195 917 4243; x_wconf 67' lang='lat' dir='ltr'><strong>uctoss.</strong></span> <span class='ocrx_word' id='word_1_375' title='bbox 964 4225 974 4240; x_wconf 86' lang='lat'><strong>.</strong></span> 
     </span>
    </p>
   </div>
   <div class='ocr_carea' id='block_1_4' title="bbox 0 0 1487 4809">
    <p class='ocr_par' dir='ltr' id='par_1_10' title="bbox 0 0 1487 4809">
     <span class='ocr_line' id='line_1_49' title="bbox 0 0 1487 4809; baseline 0 0"><span class='ocrx_word' id='word_1_376' title='bbox 0 0 1487 4809; x_wconf 95' lang='lat' dir='ltr'><strong> </strong></span> 
     </span>
    </p>
   </div>
  </div>
 </body>
</html>
