2909 4809
156 994 401 1104 CONSTAT,
425 1024 665 1093 commentarios
680 1026 745 1092 dici
763 1050 816 1093 eas
835 1024 1043 1104 narrationes,
1067 1049 1150 1115 quae,
1171 1046 1249 1115 neg·

112 1218 118 1225 .
153 1136 241 1203 lecto
255 1139 436 1206 adventicio
456 1139 557 1223 cultu,
577 1140 728 1205 derebus
752 1141 829 1228 ipsis
848 1142 989 1207 tenuiter
1005 1151 1184 1229 exponunt,
1198 1149 1250 1215 ut,

155 1251 214 1339 qui
227 1252 329 1341 majus
342 1266 376 1318 et
390 1252 532 1319 ornatius
545 1276 627 1341 opus
641 1253 780 1320 scribere
794 1253 886 1330 velit,
901 1253 1030 1328 habeat,
1045 1250 1131 1317 unde
1145 1260 1249 1340 petat.

153 1360 240 1445 (Cic.
255 1362 296 1427 de
311 1374 392 1428 orat.
408 1363 442 1439 2,
460 1363 509 1428 12.
526 1376 560 1429 et
574 1364 613 1429 de
627 1364 704 1430 clar.
721 1376 802 1431 orat.
820 1364 886 1451 75.)
929 1363 1046 1452 Itaque
1067 1360 1198 1429 Hirtius
1216 1359 1251 1425 in

153 1470 300 1561 epistola,
319 1472 404 1539 libro
418 1484 534 1543 octavo
547 1474 588 1541 de
603 1474 689 1542 bello
707 1477 836 1543 Gallico
849 1477 1023 1564 premissa,
1047 1483 1072 1515 “
1084 1472 1251 1549 Ceratis?

153 1580 271 1667 inquit,
289 1582 543 1650 “commentarii
558 1584 638 1652 editi
653 1598 740 1663 sunt,
763 1610 803 1652 ne
818 1587 950 1653 scientia
964 1597 1129 1653 tantarum
1142 1605 1253 1651 rernm

155 1700 179 1731 “
197 1690 409 1779 scriptoribus
421 1692 576 1771 deesset‚”
600 1696 641 1760 cf.
659 1696 730 1761 Cic.
751 1697 792 1762 ed
808 1698 884 1764 Div.
900 1697 934 1774 5,
951 1694 1000 1774 12,
1015 1707 1097 1761 extr.
1145 1689 1252 1759 Graeci

153 1812 265 1866 autem
286 1802 468 1891 hujusmodi
482 1806 725 1873 commentarios
740 1810 953 1885 ὑπομνήματα,
974 1801 1254 1883 decumanam&

154 1922 190 1977 et
205 1918 491 1991 ἀπομνημονεύματα
504 1917 656 1983 dixerunt
669 1921 721 2003 (ut
737 1918 860 1985 Strabo
873 1920 932 1985 lib.
947 1918 979 1984 4.
997 1942 1030 2006 p.
1048 1916 1122 1992 177,
1144 1920 1158 1978 ὁ
1174 1912 1253 1977 Καῖ-

146 2030 213 2109 'sag
238 2027 265 2088 ἐν
293 2030 352 2089 τοῖς
377 2028 589 2113 ὑπομνήμασι),
616 2028 768 2115 quoniam
791 2029 852 2095 hoc
878 2050 994 2117 genere
1017 2022 1171 2091 narrandi
1196 2020 1257 2087 uni

156 2134 318 2202 memoriae
343 2159 452 2203 rerum
479 2150 644 2227 gestarum
671 2138 851 2205 consulitur
873 2141 912 2224 (“
927 2138 1145 2222 Mbmoires').
1191 2132 1254 2197 Po-

156 2243 254 2309 tuisse
267 2244 325 2311 hos
341 2248 585 2314 commentarios
598 2248 662 2314 dici
677 2251 861 2337 tpnmgbas,
874 2259 909 2314 et
926 2270 1039 2315 revere
1052 2242 1178 2310 nomine
1192 2240 1255 2309 hoc

153 2376 175 2419 a
192 2354 368 2423 Plutarcho
387 2358 434 2441 (in
447 2358 513 2425 vita
530 2360 609 2425 Gaes
625 2383 654 2424 c.
667 2358 739 2445 22.)
756 2359 920 2446 insignitos
932 2380 1010 2432 esse,
1032 2352 1255 2420 indubitatum

155 2476 224 2530 est:
257 2479 368 2533 utrum
394 2490 473 2535 vero
497 2468 605 2535 Caesar
627 2469 761 2546 nullam,
783 2480 901 2559 praeter
922 2464 1175 2538 commentarios,
1194 2460 1256 2526 his-
1363 2505 1366 2511 ,

156 2576 275 2643 teriam
294 2601 424 2645 suarum
443 2602 553 2645 rerum
571 2580 746 2669 scripserit,
769 2602 810 2645 an
823 2591 857 2645 et
871 2575 1114 2647 commentarios
1133 2575 1203 2652 hos,
1222 2580 1258 2637 et

156 2689 386 2777 ephemerides,
414 2692 475 2757 ab*
491 2691 540 2757 his
568 2691 803 2759 commentariis
825 2691 978 2768 diversas,
1008 2684 1256 2775 consignaverit,

155 2798 336 2869 dubitatur.
394 2801 608 2869 Posteriorem
637 2803 824 2869 sententiam
856 2800 1000 2867 defendit
1035 2796 1182 2865 Rualdus
1212 2792 1256 2862 ad

153 2910 250 2977 illum
274 2912 441 2979 Plutarchi
462 2913 568 2981 locum
592 2916 640 3001 (p.
655 2914 719 2979 858
740 2915 792 2979 ed.
819 2912 957 2997 Remis),
981 2910 1058 3000 quia
1074 2906 1192 2998 passim
1213 2926 1255 2971 ετ

155 3021 414 3109 ephemeridibus
440 3024 572 3092 Oaesaris
601 3024 663 3089 loci
688 3048 708 3091 a
733 3024 898 3092 veteribus
925 3023 1114 3098 recitantur,
1138 3018 1196 3107 qui
1220 3016 1254 3082 in

155 3135 403 3232 commentariis
412 3136 495 3224 ejus,
521 3134 693 3201 hodienum
715 3134 953 3225 superstitibus,
978 3156 1043 3200 non
1066 3137 1269 3221 occurrunt.=

159 3242 259 3318 Quod
281 3258 509 3333 argumentum
531 3257 570 3311 ut
593 3257 643 3311 est
662 3246 879 3335 perspicuum,
898 3246 945 3312 ite
957 3243 1053 3311 multi
1065 3238 1260 3309 sententiam.

158 3354 284 3421 Runldi
298 3368 490 3445 sequuntur.
536 3355 702 3425 Fabricius
715 3381 795 3425 vero
809 3358 843 3424 in
859 3356 946 3423 Bibl.
961 3356 1034 3423 lat.
1051 3355 1081 3429 l,
1101 3352 1153 3430 10,
1167 3352 1189 3415 2
1203 3348 1256 3415 his

154 3465 203 3533 ita
219 3469 372 3551 occurrit,
388 3480 426 3538 ut
440 3469 473 3537 in
489 3469 622 3539 Oaeseris
635 3468 727 3537 libris
741 3468 885 3537 debello
899 3464 1027 3536 Gallico
1041 3464 1170 3537 leemas
1187 3480 1256 3529 esse

148 3588 286 3650 statuat.
854 3598 859 3605 ·
