2909 4809
440 285 548 357 ura.
571 284 634 358 r.
660 286 905 381 cant-10.
1166 249 1227 369 ios

14 497 16 505 ⁸
134 476 201 543 leni
218 470 332 543 Africo
346 488 532 566 provectus,
551 474 656 542 media
669 476 797 543 circiter
810 490 905 545 nocte
920 490 1017 547 vento
1031 478 1224 561 intermisso,

135 586 266 629 cursum
289 586 353 629 non
375 565 480 630 tenuit
499 577 546 639 et,
568 564 695 652 longius
715 564 843 631 delatus
857 578 947 641 estu,
970 581 1043 634 orta
1057 569 1141 646 luce,
1162 572 1224 639 sub

132 650 263 716 sinistra
278 651 476 716 Britanniam
490 650 635 716 relictam
655 652 830 739 conspexit.
885 651 969 729 Tuni
989 676 1111 731 rursus,
1132 668 1226 723 estus

135 740 418 804 commutationem
434 750 573 811 secutus,
589 738 683 803 remis
695 738 873 814 contendit,
896 752 934 804 ut
953 763 1022 805 eam
1037 754 1161 829 partem
1176 744 1222 810 in·

134 822 215 888 solae
235 838 376 911 caperet,
398 846 464 911 qua
483 824 641 911 optimum
662 848 728 888 esse
747 848 907 913 egressm
928 828 1090 914 superiore
1116 842 1225 895 aestats

135 924 344 998 cognoverat.
392 910 464 985 Qua
485 911 517 975 in
539 934 574 976 re
594 910 765 976 admodum
787 910 851 976 suit
872 911 1010 977 militurn
1032 914 1135 979 virtus
1155 915 1223 981 lau·

135 996 255 1071 danda,
270 997 325 1083 qui
339 997 487 1062 vectoriis
507 997 724 1084 gravibusque
739 997 884 1085 navigiis,
907 1020 970 1063 non
984 999 1160 1067 intermisso
1174 1025 1223 1069 rc·
1272 996 1276 1003 ’

135 1082 280 1170 migandi
295 1079 416 1157 labore,
432 1084 604 1171 longarum
616 1084 746 1147 navium
760 1106 890 1148 cursum
903 1084 1143 1171 adaequarunt..¹
1160 1090 1223 1155 Ac·

136 1192 260 1234 oessum
281 1169 391 1234 estad
415 1169 614 1235 Britanniam
637 1169 784 1234 omnibus
806 1169 941 1235 mribus
963 1172 1135 1239 meridiano
1158 1174 1225 1241 fers

125 1266 303 1345 tempore:
327 1278 431 1342 neque
451 1256 484 1320 in
507 1278 546 1321 eo
566 1256 639 1321 loco
662 1254 761 1320 hostis
780 1268 828 1321 est
852 1256 948 1333 visus,
966 1256 1033 1333 sed,
1052 1271 1090 1323 ut
1114 1273 1224 1347 postea

138 1342 248 1407 Goesar
261 1365 302 1407 ex
315 1365 352 1407 cs
375 1342 449 1407 tivis
464 1343 634 1430 comperit,
655 1364 758 1429 quum
778 1365 900 1431 mognae
920 1366 1032 1410 manus
1051 1368 1090 1411 eo
1110 1368 1224 1414 conve·

137 1430 267 1504 nissent,
290 1365 498 1494 mullitudine
519 1428 648 1528 navium
669 1430 864 1516 perterritae,
883 1430 968 1515 (quae
981 1454 1055 1495 cum
1068 1434 1228 1501 annotinis
1272 1486 1274 1489 -

161 1516 352 1603 rivatisque,
384 1539 464 1603 quas
494 1516 543 1580 sui
574 1538 711 1603 quisque
740 1516 908 1581 commodi·
927 1516 1058 1593 fecerat,
1088 1520 1227 1607 amplius
1339 1532 1345 1548 '

174 1602 265 1667 CCC
283 1624 349 1667 uno
363 1614 455 1667 erant
470 1602 543 1667 visse
557 1605 762 1690 temporc,)a
779 1602 875 1669 litore
888 1602 1079 1669 dicesserant
1092 1627 1130 1670 ac
1142 1630 1175 1671 se
1191 1607 1223 1673 in

133 1690 302 1777 superiora
317 1689 388 1754 loca
400 1688 603 1755 abdiderant.
827 1752 830 1757 ,
1175 1756 1178 1763 ⁴

178 1775 210 1841 9.
235 1776 355 1850 Cesar,
378 1777 525 1863 exposito
543 1775 687 1841 exercitu
704 1788 739 1840 et
759 1776 830 1841 loco
856 1774 967 1841 castris
985 1775 1099 1843 idoneo
1116 1786 1226 1865 capto,

135 1862 194 1928 ubi
209 1886 250 1927 ex
263 1861 400 1951 captivis
419 1863 584 1951 cognovit,
605 1885 672 1949 quo
692 1863 725 1926 in
747 1862 819 1928 loco
843 1860 981 1927 hostium
998 1864 1098 1951 copiae
1121 1862 1225 1931 conse·

132 1950 265 2023 dissent,
281 1947 468 2014 cohortibus
482 1950 513 2014 X
525 1948 566 2013 ad
580 1971 668 2013 mare
684 1947 804 2014 relictis
818 1960 852 2013 et
871 1972 889 2012 e
913 1949 1034 2014 uitibus
1049 1949 1152 2024 000,
1191 1953 1225 2016 ui

136 2036 285 2123 pmidio
305 2034 441 2101 navibus
452 2048 566 2109 efflent,
582 2032 622 2099 de
637 2034 735 2099 tertia
748 2034 858 2135 vigilia
928 2034 1034 2101 hostes
1045 2048 1161 2101 conten
1186 2049 1224 2115 rt,

133 2146 175 2187 eo
187 2122 427 2187 minuareritus
448 2122 595 2196 naribus,
615 2122 702 2208 quod
718 2122 751 2187 in
771 2121 866 2186 litore
884 2122 974 2187 molli
996 2134 1095 2207 atque
1110 2135 1225 2211 aperto

133 2208 293 2295 deligatas
311 2207 353 2272 ad
375 2231 525 2274 ancoram
549 2206 769 2295 relinquebat;
802 2219 836 2272 et
854 2207 1002 2296 presidio
1023 2208 1157 2275 navibus
1183 2210 1226 2285 Q.

134 2296 269 2359 Atrium
306 2294 437 2360 refecit.
482 2294 568 2384 Ipse,
583 2308 683 2360 noctu
698 2317 887 2383 progressus
900 2295 988 2359 milia
1073 2319 1149 2361 uum
1165 2296 1226 2362 cir-

133 2381 217 2447 citer
240 2383 272 2446 X
310 2428 319 2455 ,
344 2381 483 2448 hostium
509 2384 617 2470 copias
642 2382 843 2469 conspicatus
872 2394 930 2446 cst.
957 2444 960 2453 .
988 2320 1225 2482 ffequitatu

132 2480 235 2555 atque
247 2468 362 2533 essedis
379 2468 421 2532 ad
435 2468 554 2533 flumen
574 2468 747 2556 progressi,
771 2492 811 2532 ex
826 2468 900 2535 loco
918 2490 1081 2555 superiore
1102 2482 1227 2537 nostros

134 2554 309 2643 prohibere
328 2566 363 2618 et
380 2554 541 2655 'proelium
567 2554 767 2620 committere
790 2568 970 2642 coeperunt.
1025 2554 1160 2642 Repulsi
1183 2556 1227 2623 ab

134 2642 299 2728 equitatu,
322 2664 356 2706 se
379 2664 412 2706 ιιι
436 2642 530 2706 silvas
555 2640 762 2715 abdiderunt,
783 2639 891 2705 locum
915 2640 1011 2715 nacti,
1039 2641 1168 2792 egregie
1192 2655 1227 2707 et

135 2742 255 2792 natura
264 2742 298 2792 et
313 2750 412 2817 opere
423 2729 598 2802 munitum,
612 2750 708 2813 quem
717 2727 883 2791 domestici
892 2726 981 2801 belli,
993 2739 1028 2791 ut
1041 2725 1116 2791 vide
1139 2740 1225 2803 atur,

132 2838 247 2879 caussa
257 2815 322 2903 jam
337 2825 413 2878 ante
426 2826 705 2902 preparaverant:
735 2836 809 2877 narn
830 2814 950 2878 crebris
966 2812 1136 2891 arboribus
1159 2838 1227 2879 suc·
1339 2844 1343 2853 ·

135 2900 208 2966 cisia
226 2924 334 2966 omnes
350 2900 503 2965 introitus
520 2912 612 2965 erant
627 2898 784 2987 praeclusi.
831 2898 897 2987 Ipsi
913 2922 952 2965 ex
970 2900 1057 2964 silvis
1072 2900 1136 2965 rari
1152 2924 1226 2989 pro·

136 2989 339 3075 pugnabant,
353 2998 543 3075 nostrosque
556 2988 641 3052 intra
655 2986 847 3050 munitiones
860 2984 983 3071 ingredi
999 2983 1225 3073 prohibebant.

116 3074 186 3139 ·At
215 3074 333 3138 milites
353 3072 488 3161 legionis
506 3071 585 3146 VII,
604 3071 762 3138 testudine
784 3072 917 3137 factast
938 3095 1056 3160 aggere
1070 3072 1111 3137 ad
1126 3075 1227 3139 muni-

134 3160 239 3226 tiones
253 3160 389 3248 adjecto,
409 3159 514 3224 locum
534 3170 689 3260 ceperunt
709 3181 827 3245 eosque
850 3181 889 3223 ex
912 3158 998 3223 silvis
1019 3157 1227 3257 expulerunt,

135 3247 250 3337 paucis
264 3240 451 3313 vulneribus
462 3259 610 3333 acceptis.
656 3245 721 3309 Sed
737 3266 789 3309 eos
804 3244 961 3332 fugientes
975 3244 1102 3331 longius
1121 3244 1227 3313 Gnar

136 3333 290 3423 prosequi
312 3332 428 3405 vetuit,
452 3346 486 3398 et
510 3331 598 3419 quod
613 3330 676 3397 loci
691 3344 841 3396 naturam
860 3330 1041 3417 ignorabat,
1069 3342 1103 3395 et
1115 3333 1225 3419 quod,

136 3443 255 3521 rmgm
280 3432 375 3509 parte
402 3418 470 3505 diei¹
493 3430 669 3494 consumta,
697 3416 866 3483 munitioni
894 3430 1071 3483 castrorum
1102 3428 1227 3509 tempus
1278 3414 1281 3425 ’

134 3507 278 3595 relinqui
293 3504 435 3574 volebat.

184 3594 234 3658 10.
261 3593 417 3659 Postridie
428 3591 495 3679 ejus
508 3591 571 3656 diei
584 3614 674 3657 nrane
688 3590 856 3678 tripartito
867 3588 984 3654 milites
993 3590 1181 3680 equitesque
1196 3594 1229 3659 in

133 3678 370 3769 expeditionem
380 3677 478 3754 misit,
486 3690 525 3742 ut
536 3701 601 3753 eos,
617 3678 674 3767 qui
685 3678 848 3767 fugerant,
863 3690 1144 3767 persequerentur.
1155 3695 1159 3708 ⁴
1170 3678 1231 3745 His

172 3848 314 3895 Provectus.
347 3842 410 3893 alti.
422 3838 554 3907 profectus.
574 3840 657 3891 minus
751 3844 844 3893 Veritus
853 3842 966 3891 mribus.
992 3838 1032 3889 Sic
1043 3838 1099 3889 Cic.
1109 3842 1187 3893 Acad.
1196 3842 1229 3905 Q.

133 3912 210 3962 hnc.
309 3944 313 3952 -
713 3912 739 3966 4,
750 3912 790 3956 45.
829 3908 943 3956 1’”οιπιι’1ιι’
952 3908 1078 3955 conmori.
1246 3948 1249 3955 .

120 4023 125 4033 ,
173 3979 310 4025 marris.
342 3973 526 4037 Malequidam
542 3986 658 4023 mona·
699 4021 703 4031 ⁴
747 3970 1048 4035 Mout,nultisscopulis
1070 3972 1231 4037 periculoso3

136 4045 190 4093 sict
203 4042 342 4090 reddidere.
711 4034 1231 4101 operto,nultisrupibusautprominentiir

119 4150 123 4155 .
173 4106 524 4156 mmor-caussa.
539 4101 656 4152 vidlnd.
710 4100 834 4166 inpedito.
851 4102 888 4151 Μ.

140 4170 276 4221 iscam.
293 4172 331 4219 dl.
746 4170 865 4232 Proroqm¹
874 4168 957 4215 enuit.
990 4164 1072 4231 Vulgo
1081 4173 1203 4234 persequi.

118 4272 125 4281 .
177 4238 306 4299 Tempora.
336 4234 544 4285 Beoesiceodd.
560 4233 658 4284 etcdd.
747 4232 846 4283 Milites.
871 4228 888 4279 i.
898 4248 922 4279 e.
934 4228 1039 4294 pedites.
1069 4232 1152 4283 Prima
1163 4234 1228 4285 inter

123 4308 192 4352 ‚ret
224 4300 522 4353 stimulasse.
712 4296 830 4346 homines
841 4295 931 4361 proelia
941 4296 1009 4357 luere
1021 4297 1154 4362 pedestria.
1188 4299 1229 4351 Sic

697 4364 920 4429 ‚smmpto
931 4362 1054 4427 peditatu.
1069 4378 1093 4413 r.
1105 4364 1130 4423 7,
1141 4366 1180 4417 61.
