2909 4809
142 2096 148 2110 ‘
232 2108 315 2160 sare,
329 2086 461 2150 domum
498 2085 505 2098 '

138 299 142 315 ·
189 208 283 328 'tor
512 253 576 323 nn
597 252 749 326 annuo
773 248 991 321 eunuco,

220 455 314 518 rent:
335 453 425 511 metu
446 440 609 519 territare,
630 463 695 509 non
719 442 786 507 sine
809 464 926 523 caussa,
942 440 1024 514 fieri,
1046 450 1084 504 ut
1101 434 1208 501 Gallis
1224 431 1313 500 omni

224 532 394 599 nobilitate
466 530 619 594 liaretur:
644 529 678 594 id
691 553 757 595 esse
772 531 937 596 consilium
953 525 1097 598 Caesaris,
1113 534 1162 597 ut,
1207 544 1266 588 uos
1280 521 1312 585 in

222 631 400 708 conspeetu
448 616 531 681 alliae
549 614 729 681 interficere
747 630 927 691 vereretur,
942 615 999 680 hos
1014 633 1120 679 omnes
1135 610 1167 675 in
1184 546 1314 708 Dritan·

222 706 310 773 niam
325 702 526 769 transductus
540 714 690 768 necaret:
714 702 809 767 fidem
829 703 961 791 reliquis
979 702 1193 798 interponere,
1211 696 1314 783 jusju-

224 792 360 859 randum
374 812 517 893 poscere,
539 803 590 864 ut,
605 790 693 875 quod
713 812 778 853 eme
800 812 840 855 ex
865 812 924 854 usu
942 784 1057 852 Galliae
1072 782 1314 855 intellexissent,

226 900 387 945 commum
408 876 539 942 consilio
561 874 832 941 administrarent.
881 876 959 941 Haec
983 896 1002 937 a
1025 870 1248 957 compluribus
1272 864 1315 931 ad

203 965 387 1031 Dresarem
398 963 637 1029 deferebantur.
1136 1010 1138 1018 .
1175 1004 1178 1013 ·

272 1052 304 1114 7.
329 1050 404 1125 Qun
423 1050 619 1136 recognita,
642 1048 761 1123 casae,
785 1048 1021 1136 quodtuntum
1049 1043 1173 1111 civitati
1201 1039 1317 1141 AEduae

226 1135 395 1225 diguitatis
410 1136 583 1210 tribuerat,
597 1136 809 1203 coercendum
824 1148 922 1222 atque
932 1132 1169 1204 deterrendum,
1184 1127 1317 1215 quibus·

227 1245 370 1310 cumque
381 1222 477 1287 rebus
490 1230 608 1311 posset,
625 1222 861 1309 Dumnorigem
875 1221 1058 1292 statuebat:
1081 1217 1170 1306 quod
1190 1214 1319 1301 longius

227 1310 298 1396 ejus
310 1308 482 1374 ementium
496 1310 649 1396 progredi
662 1308 805 1383 videbat,
823 1307 1092 1396 prospiciendum,
1110 1299 1242 1390 nequid
1257 1298 1319 1365 sibi

228 1415 270 1461 nc
285 1394 332 1460 rei
347 1394 487 1483 publicae
502 1418 615 1461 nocere
630 1406 746 1484 pomet.
802 1394 916 1481 Itaque
935 1394 1001 1459 dies
1019 1393 1147 1457 circiter
1167 1386 1261 1454 XXV
1286 1386 1319 1451 in

229 1504 270 1547 eo
292 1481 364 1547 loco
387 1495 612 1557 commoratus,
634 1482 723 1569 quod
743 1504 838 1547 corus
857 1493 972 1547 ventus
985 1478 1219 1566 navigationem
1232 1496 1321 1560 rnpe·

229 1567 353 1644 tlkbflts
376 1569 434 1655 qul
451 1590 598 1657 nmgmm
612 1581 738 1657 partem
758 1568 859 1633 omnis
877 1567 1029 1655 temporis
1042 1566 1075 1630 in
1090 1564 1137 1628 his
1151 1563 1229 1628 locis
1243 1558 1323 1624 flare

231 1656 409 1731 consuevit,
422 1656 522 1721 debat
541 1678 686 1743 operam,
701 1667 739 1719 ut
754 1656 786 1722 in
800 1654 905 1719 officio
923 1652 1156 1737 Dumnorigem
1180 1648 1322 1713 contine·

232 1755 297 1816 ret,
312 1741 412 1807 nihilo
424 1753 530 1807 nmen
544 1743 644 1807 secius
657 1743 763 1805 omnis
778 1740 846 1825 ejus
864 1736 994 1802 comilia
1006 1748 1226 1823 cognosceret:
1252 1745 1322 1797 tan·

231 1827 318 1903 dem,
344 1826 490 1894 idoneum
510 1842 622 1893 nectus
644 1836 877 1911 tempestatem,
901 1823 1016 1887 milites
1031 1821 1219 1908 equitesque
1246 1842 1322 1885 cou-

233 1913 382 1979 scendere
410 1916 442 1980 in
472 1937 567 1980 neves
592 1912 696 1999 jubet.
768 1912 826 1987 At,
842 1910 995 1975 omnium
1022 1907 1171 1995 inpeditis
1197 1906 1321 1979 aninris,

234 2000 418 2067 Dumnorix
442 2022 517 2064 curn
581 1997 702 2062 ultibus
719 1996 902 2061 AEduorum
916 2018 935 2061 a
950 1996 1071 2070 castris,
1085 1993 1234 2059 insciente
1244 1992 1324 2058 Cas·

474 2020 634 2148 defflere
647 2084 760 2170 coepit.
806 2082 880 2157 Qua
900 2106 934 2148 re
956 2082 1118 2155 nunciata,
1143 2080 1262 2154 Caesar,
1278 2078 1324 2145 in·

216 2207 220 2215 ‚
232 2170 378 2236 terrain
389 2169 696 2257 profectionemque
708 2168 855 2234 omnibus
867 2168 963 2233 rebus
971 2167 1165 2255 postpositis,
1176 2188 1325 2255 magnam

218 2272 363 2344 partem
383 2254 548 2340 equitatus
568 2254 610 2319 ad
622 2277 696 2318 eum
710 2254 940 2340 insequendum
953 2255 1055 2319 mittit
1069 2253 1255 2353 retrahique
1269 2253 1326 2319 im·

220 2354 351 2429 perat:
373 2341 399 2403 si
414 2340 481 2405 vim
494 2340 591 2403 faciat
605 2363 709 2426 neque
723 2354 846 2428 pareat,
861 2340 996 2407 interfici
1009 2342 1121 2428 jubet:
1146 2339 1225 2405 nihil
1239 2339 1326 2404 lrunc

236 2451 270 2492 se
290 2427 421 2491 absente
464 2448 604 2491 rosano
619 2427 782 2493 facturum
797 2429 985 2503 arbitratus,
1009 2429 1067 2514 qui
1087 2426 1251 2515 praesentis
1270 2426 1327 2491 im-

219 2551 224 2561 ·
280 2514 364 2578 rium
379 2450 580 2601 neglexisset.
625 2511 685 2578 llle
698 2513 783 2579 enirn
797 2528 964 2579 revocatus
979 2516 1122 2579 resistere
1135 2538 1172 2578 ac
1186 2534 1327 2579 senmnu

236 2534 408 2666 ddsendere
421 2622 619 2685 suorumque
632 2598 727 2665 fidem
743 2600 915 2688 implorare
925 2601 1039 2689 coepit,
1054 2624 1136 2688 saepe
1150 2598 1327 2675 clamitans,

219 2697 262 2733 ·“
275 2687 414 2753 liberum
425 2710 458 2751 se
466 2686 640 2774 liberaeque
650 2687 892 2752 civitatisesse.”
915 2686 980 2762 llli,
991 2700 1110 2752 uteret
1122 2688 1328 2786 imperatum,

237 2773 476 2839 circumsistunt
490 2785 589 2859 atque
604 2772 763 2839 hominem
787 2774 1002 2848 interficiunt;
1024 2788 1059 2840 at
1084 2773 1183 2837 AEdur
1204 2773 1330 2859 equites

240 2860 282 2923 ad
299 2859 457 2923 Creontem
471 2882 580 2923 omnes
591 2872 812 2925 revertuntur.
1273 2898 1282 2913 =

219 2996 226 3009 .
283 2944 317 3006 8.
344 2944 404 3008 His
420 2944 526 3009 rebus
549 2947 655 3033 gestis,
683 2944 825 3012 Labieno
852 2948 884 3011 in
908 2947 1090 3013 continente
1118 2970 1193 3013 cum
1223 2946 1331 3011 tribus

123 3085 127 3093 .
219 3030 421 3117 ,legionibus
443 3042 479 3094 et
505 3032 654 3181 eqpitum
681 3033 811 3099 milibus
835 3032 962 3100 duobus
989 3034 1114 3110 relicto,
1148 3048 1186 3099 ut
1214 3044 1333 3121 portus

239 3128 391 3183 tueretur
404 3128 438 3180 et
453 3139 521 3181 rem
567 3118 776 3184 umeutariam
792 3119 988 3207 provideret,
1011 3144 1148 3208 quaeque
1168 3121 1200 3185 in
1223 3118 1334 3185 Gallie

233 3215 446 3293 gererentur,
461 3217 668 3291 cognosceret
683 3206 914 3292 consiliumque
930 3220 1152 3295 protempore
1169 3219 1202 3271 et
1216 3229 1279 3298 pro
1295 3230 1332 3271 re

241 3302 383 3379 caperet,
395 3290 462 3378 ipse
470 3312 545 3353 cum
553 3290 698 3392 quinque
707 3291 885 3377 legionibus
898 3306 931 3357 et
942 3292 1013 3382 pari
1025 3316 1158 3360 numero
1169 3294 1331 3380 equitum,

215 3382 221 3389 '
243 3399 341 3463 quem
354 3377 387 3442 in
402 3377 580 3443 continenti
594 3378 810 3465 rehuquebat,
835 3380 909 3445 solis
930 3402 1044 3473 occasu
1067 3402 1161 3445 naves
1174 3379 1272 3446 solvit
1285 3391 1332 3455 et,

282 3540 425 3591 Dibuerot.
458 3539 499 3588 ct.
518 3543 541 3599 1,
552 3544 592 3588 88.
609 3542 648 3590 M.
794 3588 796 3593 .
847 3544 932 3603 Enim,
954 3543 1022 3591 enim
1038 3558 1109 3591 vero.
1125 3560 1151 3591 v.
1168 3544 1280 3593 Gronov.
1301 3544 1333 3593 cd

157 3634 203 3651 .,
280 3606 441 3655 remees.
465 3603 648 3668 ultimum.
693 3649 697 3655 .
812 3606 1027 3667 creussen.
1059 3607 1228 3666 cr.c.1‚sr.

278 3670 575 3719 Commium.
607 3670 748 3721 illatam.
849 3673 1125 3735 Retofmmentmiom.
1165 3674 1262 3723 Abroi
1273 3672 1334 3737 ,fru-

279 3733 480 3811 sumerem.
506 3734 547 3781 Al.
565 3735 652 3797 Atque.
811 3742 947 3788 Μανῆ.

247 3798 411 3875 ..labaim
426 3806 463 3847 ιω
478 3797 605 3872 ἀίςῐηοῑίε
618 3802 766 3874 apparando
795 3848 798 3857 ,
851 3804 1020 3867 Relrbquebot,
1039 3806 1097 3854 colit
1119 3818 1216 3855 matu.
1260 3805 1335 3855 llonc

246 3870 391 3921 rtrnem„ut
405 3876 437 3910 ne
453 3871 572 3912 senorent
585 3865 730 3913 molitiones
740 3874 765 3914 et
816 3868 947 3917 lectionem
959 3867 1120 3928 Gron.(0bs.
1129 3870 1188 3930 4,.4)
1197 3878 1222 3918 et
1230 3870 1299 3919 Oud.
1308 3868 1335 3919 in

204 3932 209 3943 ¹
245 3927 346 3977 fraudes
356 3927 530 3991 Dumnorigis.
546 3930 585 3977 M.
816 3934 1340 3998 cuddaepereruntzalteruestmliqaerct,

281 3992 332 4039 Pro
341 4006 413 4063 cneo,
429 3999 456 4041 ut
472 4007 558 4041 sanum
571 3990 601 4040 ‘ct
616 3994 766 4057 sapientem.
816 3998 852 4047 ud
861 4001 1051 4048 relisoccurum:
1062 4007 1165 4063 utruque
1175 4000 1240 4049 bene
1249 4000 1337 4059 babet,

246 4054 287 4103 Μ.
327 4054 369 4101 Sec
386 4054 468 4104 Plaut.
494 4056 698 4117 Men.2,2,24.
720 4078 767 4123 pru
815 4062 1363 4127 necuttomododeflnirthicpotestque'

140 4134 144 4144 ·
221 4116 370 4169 ·mo.·ib.
387 4124 411 4176 ⁶,
428 4125 569 4184 mla-pro
585 4126 681 4173 inam.
707 4125 766 4174 Liv.
816 4128 895 4177 verba
910 4126 995 4177 Cesar
1009 4126 1146 4191 scripserit.
1164 4130 1202 4177 M.
1235 4128 1337 4179 ntnc's

221 4202 224 4210 ¹
247 4184 289 4242 att,
306 4184 349 4231 49.
371 4196 482 4257 nonpro
495 4201 560 4235 rouo
574 4188 655 4245 mdo,
669 4190 711 4237 sed
724 4194 766 4239 vic
795 4229 798 4237 .
816 4207 905 4241 occasu
919 4191 995 4243 babet
1009 4199 1035 4241 et
1051 4194 1120 4257 apud
1139 4193 1197 4247 Lis.
1212 4197 1237 4253 9,
1254 4196 1296 4253 39,
1309 4202 1335 4242 et

242 4263 291 4311 pm
300 4261 369 4297 m.
411 4246 453 4298 Stc
464 4256 490 4297 et
500 4248 564 4300 inira
576 4250 606 4299 C.
618 4256 641 4311 ³,
656 4256 710 4303 109.
718 4270 765 4318 pm
814 4255 916 4319 passim,

243 4315 654 4379 mmmmm.
