2909 4809
231 290 269 355 18
537 286 600 357 DE
625 285 777 357 BELLO
799 278 1021 356 GALLICO.

226 446 415 514 cohortatus
428 470 513 525 suos,
535 449 688 539 proelium
711 450 882 517 commisit.
924 447 1061 523 Milites,
1080 470 1100 511 e
1113 445 1186 515 loco
1198 444 1324 539 superi-

226 558 284 600 ore
299 534 373 623 pilis
385 534 497 612 missis,
511 534 604 601 facil'e
623 536 764 604 bostium
780 536 972 627 pbalangem
992 534 1231 624 perfregerunt.
1273 534 1325 599 Ea

225 622 370 711 disjecta,
399 622 513 711 gladiis
531 624 692 691 destrictis
715 626 749 691 in
772 650 826 691 eos
851 625 997 711 inpetum
1020 623 1177 687 fecerunt.
1218 620 1325 687 Gallis

227 732 346 798 magno
361 708 401 775 ad
417 732 559 813 pugnam
574 712 889 803 eratinpcdimcnto,
909 708 1010 797 quod,
1034 708 1187 798 pluribus
1207 730 1323 774 eorum

225 798 324 862 scutis
339 820 404 863 uno
418 810 487 865 lctu
502 798 645 887 pilorum
660 798 820 865 transfixis
833 809 867 862 et
880 794 1061 899 conligatis,
1081 819 1184 897 quum
1197 794 1324 897 ferrum

222 906 256 948 se
280 882 462 962 inflexisset,
485 908 591 973 neque
613 882 764 962 evellere,
787 908 807 949 n
849 908 902 960 ue,
916 884 1044 949 sinistra
1067 882 1222 971 inpedita,
1245 894 1324 947 saus

224 970 390 1037 commode
418 992 564 1059 pugnare
588 982 760 1063 poterant:
781 970 878 1036 muti
907 984 945 1037 ut
967 970 1024 1037 diu
1045 971 1166 1060 jactato
1187 967 1323 1035 brachio

249 1068 446 1146 raeoptareut
459 1069 587 1121 scutum
600 1078 697 1123 manu
712 1057 860 1124 emittere
869 1068 904 1125 et
914 1058 1002 1125 nudo
1014 1080 1151 1145 corpore
1162 1078 1322 1146 pugnare.

223 1078 366 1209 iconem
381 1140 570 1207 vulneribus
595 1142 708 1209 defessi
727 1157 762 1211 et
785 1144 900 1233 pedem
921 1145 1042 1211 referre
1055 1157 1101 1220 et,
1121 1143 1211 1233 quod
1230 1166 1323 1209 mons

223 1230 355 1295 suberat
383 1227 514 1293 circiter
542 1227 618 1294 mile
647 1254 811 1321 passuum,
838 1256 877 1298 eo
907 1256 940 1298 se
966 1232 1111 1323 recipere
1138 1242 1320 1321 coeperunt.

225 1317 335 1405 Capto
349 1326 458 1381 monte
472 1329 507 1382 et
528 1316 772 1384 succedentibus
789 1318 920 1395 nostris,
940 1317 1014 1386 Boii
1036 1330 1070 1384 et
1093 1316 1191 1383 Tulin
1216 1316 1239 1393 i,
1262 1316 1322 1406 qui

221 1402 385 1468 hominum
400 1401 532 1468 milibus
554 1404 684 1470 circiter
703 1406 769 1471 XV
792 1430 907 1495 agmen
920 1404 1062 1473 hostium
1080 1398 1193 1471 claude
1236 1416 1323 1469 utet

220 1488 397 1555 novissimis
412 1489 561 1579 praesidio
574 1504 678 1569 erant,
693 1500 734 1559 ex
753 1492 868 1563 itinere
881 1507 1008 1561 nostros
1021 1493 1123 1559 latere
1136 1502 1253 1595 aperto
1266 1490 1321 1555 ad-

221 1576 333 1665 gressi,
354 1576 610 1643 circumvenere:
633 1592 668 1643 et
688 1580 721 1647 id
735 1580 911 1671 compioati
928 1579 1086 1655 Helvetii,
1107 1602 1164 1667 qur
1183 1577 1216 1644 in
1230 1600 1321 1643 mon-

220 1676 287 1729 tem
301 1686 367 1728 sesc
388 1678 590 1753 receperant,
614 1689 725 1733 rursus
748 1668 867 1734 instare
880 1678 914 1733 et
927 1666 1081 1759 proelium
1102 1664 1322 1754 redintegrare

221 1763 401 1839 coeperunt.
420 1748 558 1819 Romani
568 1777 719 1820 conversa
727 1755 818 1844 signa
826 1754 987 1844 bipartito
1001 1753 1197 1821 intulerunt:
1215 1751 1322 1857 prima

219 1860 257 1903 ac
279 1836 417 1904 secunda
438 1837 533 1915 acies,
558 1852 597 1907 ut
616 1843 711 1909 victis
731 1867 770 1909 ac
788 1842 946 1909 submotis
961 1843 1138 1927 resisterem
1156 1854 1267 1916 tertia,
1282 1851 1322 1904 ut

220 1925 382 1991 venientes
395 1926 568 2029 exciperet.
784 2010 788 2015 ι

262 2012 316 2077 26.
340 2011 392 2079 Ita
413 2014 547 2103 ancipiti
575 2013 692 2103 proelio
715 2014 774 2081 diu
796 2028 896 2105 atque
915 2014 1034 2083 acriter
1057 2026 1240 2107 pugnatum
1259 2026 1319 2079 est.

220 2097 356 2164 Diutius
370 2122 473 2187 quum
487 2114 673 2167 nostrorum
688 2102 818 2191 inpetus
831 2104 987 2169 sustinere
995 2126 1059 2171 non
1072 2116 1213 2192 possent,
1225 2102 1322 2167 alteri

218 2208 263 2260 se,
288 2197 327 2251 ut
349 2198 528 2274 coeperant,
550 2176 591 2252 in'
609 2201 752 2255 montem
773 2204 985 2279 receperunt;
1015 2190 1110 2257 alteri
1132 2188 1175 2255 ad
1196 2189 1321 2280 inpedi-

218 2282 327 2339 menta
342 2284 375 2337 et
390 2295 498 2338 carros
518 2298 592 2339 suos
612 2298 645 2339 se
659 2276 878 2342 contulerunt.
925 2278 1012 2343 Nam
1026 2276 1086 2345 hoc
1100 2290 1174 2343 toto
1189 2276 1320 2366 proelio,

127 2404 129 2410 -
218 2381 322 2446 quum
335 2356 380 2423 ab
393 2357 474 2425 hora
487 2360 624 2450 septima
638 2361 678 2427 ad
694 2385 864 2454 vesperum
887 2378 1071 2454 pugnatum
1092 2364 1146 2441 sit,
1169 2387 1320 2430 aversum

250 2522 311 2571 Pius
321 2521 570 2575 mussaliiemissc.
792 2526 872 2589 (quod
888 2526 1006 2577 Davisius
1022 2528 1088 2577 mule
1105 2526 1131 2577 in
1148 2528 1219 2593 τςιχῇ
1233 2526 1323 2587 vertit)

255 2588 349 2637 cuciis
368 2588 492 2639 desoscsu.
507 2589 541 2639 ul.
557 2590 676 2643 distndis
711 2590 745 2641 V.
792 2607 850 2640 nam
868 2592 987 2655 primast
1003 2594 1111 2643 secunda
1126 2592 1196 2643 acies
1211 2608 1320 2655 prouua

217 2650 295 2701 Gron.
305 2652 337 2701 sd
348 2651 404 2703 Liv.
417 2655 458 2714 st,
471 2657 509 2703 13.
793 2657 924 2719 habendae,
948 2666 976 2707 ut
993 2675 1026 2707 ex
1036 2674 1089 2723 seq.
1100 2666 1178 2721 patet.
1194 2673 1246 2707 uon
1256 2673 1316 2716 crgo

252 2718 369 2769 Plauto
394 2722 633 2785 semu-commatis.
677 2722 744 2771 Nam
791 2737 857 2785 opus
873 2725 906 2783 τᾷ
924 2725 1053 2787 tripartito.
1087 2722 1119 2772 V.
1142 2720 1256 2783 Dioss,
1277 2724 1319 2774 88.

217 2790 289 2831 scuta
304 2782 432 2847 capitibus
444 2782 480 2833 sic
496 2783 699 2849 imponebantur,
715 2794 744 2836 ut
791 2786 866 2838 Cous.
881 2786 969 2837 Carrio
983 2788 1183 2847 Ant.lect.8,2.
1214 2787 1318 2837 Nodum

215 2860 266 2895 non
278 2862 364 2909 margo
375 2848 514 2911 marginem
534 2858 645 2913 tangeret
659 2862 685 2902 ot
701 2868 744 2899 vc·
791 2852 817 2901 in
837 2850 924 2917 scirpo
951 2850 995 2903 hic
1016 2852 1106 2917 querit
1131 2854 1151 2903 1.
1166 2851 1197 2901 C⁴
1214 2852 1250 2901 11.
1271 2851 1319 2917 qui

218 2910 267 2959 luti
286 2910 394 2969 tricaret,
409 2914 452 2961 scd
469 2923 497 2963 ut
515 2915 579 2964 scuti
595 2914 669 2967 unius
687 2932 744 2979 pars
790 2917 909 2967 mutilum
918 2918 1004 2969 locum
1015 2935 1071 2967 esse
1082 2918 1185 2969 'udicat

215 2974 269 3023 fere
289 2975 394 3026 dimidia
405 2986 498 3041 tegeret
508 2980 573 3027 scuti
587 2982 743 3031 alterius'su·
826 2984 962 3048 Eccipeset.
994 2982 1054 3033 Sic
1108 2992 1157 3033 .et
1176 2991 1238 3035 vett.
1259 2984 1319 3033 edd.

216 3040 344 3103 perficiem
364 3042 416 3093 fere
436 3042 577 3093 dimidiam.
610 3044 678 3108 Ergo
690 3045 742 3095 ictu
792 3048 863 3111 sequi
874 3047 991 3108 velimus,
1008 3048 1140 3113 legendum
1151 3048 1201 3098 crit
1215 3052 1319 3101 ωῑέιο-

217 3104 329 3169 piiorum
341 3114 456 3171 poterant
472 3110 605 3157 commode
621 3120 691 3161 scuta
710 3112 743 3161 ud
790 3121 836 3172 rot,
848 3112 889 3161 cui
904 3112 1098 3177 Oudendorpius
1107 3114 1318 3179 praetulitem'pe·

214 3170 349 3221 minimum
358 3174 409 3223 duo
420 3172 530 3237 transfigi
539 3182 614 3237 atque
631 3175 666 3225 ita
676 3176 743 3225 ferro
791 3184 836 3236 ret,
847 3176 906 3241 quia
917 3187 987 3243 putat
996 3179 1145 3241 elegantius,
1180 3195 1237 3228 nam
1248 3179 1316 3243 quod

212 3237 330 3302 coiligari
340 3255 361 3287 s.
371 3237 446 3301 sdflgi
453 3239 651 3289 alterumalteri.
671 3242 709 3288 M.
790 3257 807 3290 a
817 3241 927 3293 librariis
938 3244 1079 3309 profectum
1089 3244 1131 3296 sit.
1190 3244 1241 3293 uod
1250 3240 1316 3293 mihi

250 3304 288 3351 Ia'o
304 3318 329 3352 se
347 3306 453 3368 recipcre
470 3312 601 3369 caeperunt.
627 3305 646 3354 1.
663 3304 742 3353 C.}1.
790 3322 843 3357 non
852 3308 964 3359 videtur:
981 3313 1153 3375 namnam
1161 3320 1188 3359 et
1198 3311 1319 3361 susam

211 3366 303 3430 adjicit
325 3368 440 3421 Heluetii.
473 3368 568 3421 Verum
586 3368 612 3419 id
626 3386 658 3419 ex
674 3386 742 3421 nexu
789 3373 942 3423 tamcrebro
960 3382 986 3423 et
1003 3383 1145 3425 coustmter
1168 3374 1195 3425 iu
1215 3374 1265 3423 lucc
1289 3388 1318 3422 re

216 3439 294 3494 patos.
790 3437 914 3499 dicuntur,
927 3446 954 3487 ut
965 3446 1082 3489 neutrum
1095 3439 1207 3489 rideatur
1215 3438 1318 3503 elegan-

249 3496 691 3559 mamaeamaliicucamvcsrs.
789 3501 848 3551 tius.
866 3504 904 3553 M.
938 3504 968 3551 Τ)
986 3504 1208 3569 eccipmtlcgitur
1229 3504 1255 3552 iu
1276 3503 1319 3554 cd.

222 3567 226 3579 ·
249 3562 743 3627 cosumusmainsslerum,h.e.coc-
792 3568 869 3617 Rom.
880 3567 988 3617 Mediol.
1006 3569 1069 3619 ven.
1080 3578 1130 3621 etc.
1266 3631 1273 3641 ·

212 3624 329 3675 versione
340 3626 405 3675 tacu
416 3631 616 3687 (siusachenes'ne
629 3632 742 3683 Scltwcn-
825 3635 899 3683 Hora
918 3637 1028 3699 septivira.
1057 3634 1103 3683 Est
1121 3636 1215 3685 circiter
1254 3649 1317 3684 nun

212 3691 295 3753 launa)
306 3690 443 3741 intulerunt
453 3694 524 3757 signu
537 3694 614 3745 hosti.
635 3696 741 3758 Nescio,
790 3698 971 3761 pomeridiana,
981 3716 996 3749 c
1006 3696 1102 3749 ustione
1112 3709 1204 3749 nostru.
1262 3699 1317 3747 ete-

213 3756 275 3819 quid
286 3754 441 3809 difficultatis
453 3756 479 3807 h.
491 3758 509 3807 1.
525 3759 687 3823 quaesiverint
703 3762 741 3811 iu·
788 3780 829 3811 res
835 3764 949 3814 noctium
958 3772 984 3813 et
992 3763 1089 3815 dierum
1098 3764 1318 3837 spatiatuboequs'·

213 3827 350 3885 terpretes:
368 3837 425 3873 num
438 3832 538 3875 statuet
548 3824 743 3884 edisserereitus
789 3832 895 3881 noctium
905 3828 942 3879 sic
958 3828 1104 3890 diviserunt,
1114 3839 1143 3880 ut
1156 3846 1207 3881 nox
1218 3828 1318 3903 incipe-

212 3885 316 3935 hostilis
329 3894 433 3948 mutata,
449 3888 526 3941 etiam
544 3896 622 3939 status
638 3900 664 3939 et
679 3892 740 3951 τάξις
790 3904 827 3943 ret
844 3892 878 3944 ab
895 3903 981 3944 nostra
1000 3904 1070 3947 sexta
1090 3897 1155 3946 bora
1173 3902 1318 3959 vespertina

212 3950 340 3999 exercitus
353 3952 462 4004 Romani
473 3962 568 4003 mutatu
576 3966 624 4004 est.
651 3954 740 4007 Sinon
789 3957 962 4023 desineretque
981 3959 1007 4009 in
1021 3970 1092 4011 sexus
1106 3960 1228 4011 matutina
1235 3977 1243 4020 ς
1262 3958 1316 4009 diei

212 4030 301 4063 omnes
312 4024 437 4067 mutarunt
451 4020 521 4080 τᾶξω,
532 4027 614 4069 tamen
628 4036 741 4083 parseo·
789 4039 849 4076 vcro
867 4024 970 4075 initium
985 4035 1052 4077 esset
1067 4035 1138 4077 sexta
1152 4024 1275 4075 nuruum
1289 4031 1317 4073 et

212 4084 461 4143 rumeammutavit,
478 4086 544 4133 etde
556 4084 666 4135 hisillud
683 4103 741 4137 con-
788 4088 847 4137 fluis
867 4098 939 4140 serta
964 4106 1008 4139 ves
1043 4090 1115 4141 rtiua.
1154 4091 1239 4154 ltaque
1259 4088 1318 4139 dies

209 4160 294 4195 cersstr
305 4144 494 4213 intelligendum
503 4156 549 4197 est.
567 4152 605 4199 Μ.
643 4152 740 4201 Τδεοη·
789 4154 919 4205 constabat
951 4155 985 4205 du
1036 4156 1076 4206 uis
1109 4156 1189 4214 horis,
1213 4168 1270 4219 quac
1299 4168 1318 4203 ι

209 4226 280 4261 uersa
293 4211 317 4259 in
329 4214 402 4261 codd.
420 4222 445 4263 et
462 4216 519 4263 edd.
535 4214 645 4279 antiquis
660 4216 740 4265 deest.
790 4219 874 4282 prima
887 4222 919 4269 ad
936 4221 1113 4271 duodecimam
1129 4220 1250 4295 deinceps
1268 4235 1317 4269 nu·

212 4274 238 4324 Si
250 4276 366 4337 retineas,
376 4277 401 4325 τὲ
411 4280 522 4343 bipartito
531 4281 661 4331 rel'cresud
672 4284 740 4333 tnsa-
789 4282 961 4336 metabantur:
991 4303 1044 4337 uox
1062 4284 1189 4353 quaternis
1208 4284 1317 4349 vigiliis,

209 4342 305 4393 lerunt
337 4344 365 4391 ld
375 4346 486 4408 bipartito
497 4345 570 4393 codd.
581 4354 607 4395 ct
617 4348 673 4398 edd.
688 4354 739 4397 vet.
788 4349 885 4415 vigiliae
906 4349 1089 4403 remissoris:
1116 4366 1266 4419 quomqtnm
1288 4358 1318 4400 ct

210 4406 314 4469 hubent,
343 4418 418 4461 ructe.
452 4410 555 4465 Graecus
579 4410 656 4461 ctiam
683 4408 738 4487 δχζι
788 4416 872 4471 noctis
908 4418 973 4472 bom
1002 4415 1092 4487 prisca,
1118 4416 1239 4481 secum,
1263 4424 1316 4467 etc.
