2909 4809
218 248 260 353 'a
540 218 1018 350 nsnnrtooiimco.

237 466 430 537 Rhodanum
444 468 618 547 influit,'ad
631 482 774 537 montem
780 470 910 545 Jnram,
930 469 989 557 qui
1002 466 1079 534 lines
1101 466 1327 556 Sequanorum

192 624 198 635 ,
234 556 280 623 ab
294 556 453 623 Helvetiis
464 558 594 631 dividit,
607 558 709 623 millia
819 580 874 621 uin
886 557 996 621 decem
1011 578 1126 621 novem
1136 578 1279 631 murum,
1293 554 1326 619 in

237 644 440 709 altitudinem
514 581 892 733 umsedecimfflinque
901 642 1060 733 perducit.
1088 642 1246 793 Eoopere
1255 664 1329 729 per-

236 728 335 805 fecto,
349 731 442 819 prresi
467 731 496 795 'a
509 731 662 819 disponit,
680 730 811 797 castella
821 730 1008 804 communit,
1023 753 1091 817 quo
1105 728 1166 793 faci
1179 728 1280 803 ius,'si
1295 750 1328 792 se

235 814 340 881 invito
365 817 499 883 transire
523 829 726 893 conarentur,
747 815 922 917 prohibere
945 816 1057 905 possit.
1102 814 1230 881 Ubi'ea
1248 814 1327 889 dies,

236 924 335 989 quam
346 904 557 969 constituerat
573 926 646 967 cum
658 902 783 991 legatis,
799 903 898 977 venit,
917 914 952 967 et
967 902 1065 991 legati
1081 901 1123 966 ad
1135 924 1210 967 eum
1220 923 1327 965 rever·

236 998 359 1065 terunt,
381 1002 489 1076 negat,
515 1000 537 1029 ‘⁴
550 1012 584 1053 se
599 1012 687 1055 more
707 1002 741 1053 et
762 988 912 1076 exemplo
933 988 1053 1089 Populi
1078 987 1215 1056 Romani
1235 1010 1328 1076 posse

237 1074 339 1139 “iter
363 1074 422 1139 ulli
449 1098 507 1162 per
524 1074 725 1139 Provinciam
735 1075 829 1147 dare;
852 1087 898 1149 et,
918 1075 945 1141 si
959 1096 1026 1140 vim
1040 1074 1143 1141 facere
1157 1088 1326 1149 conentur,

236 1171 260 1201 “
277 1160 538 1247 prohibiturum”
553 1161 701 1225 ostendit.
749 1160 905 1236 Helvetii,
925 1185 1031 1249 caspe
1043 1160 1094 1225 de'
1132 1162 1171 1235 ii,
1191 1160 1328 1227 navibus

232 1245 352 1334 junctis
364 1244 551 1334 ratibusque
566 1246 789 1347 compluribus
802 1247 907 1323 factis,
920 1247 976 1312 alii
990 1184 1251 1322 vadisliebcdani,
1262 1269 1329 1347 qua

235 1331 366 1397 minima
380 1332 520 1398 altitudo
535 1332 672 1397 fluminis
691 1346 774 1409 erat,
793 1356 1023 1422 nonnunquam
1043 1334 1195 1408 interdiu,
1210 1356 1327 1422 saepius

235 1430 346 1492 noctu,
362 1418 388 1483 si
404 1440 614 1507 perrumpere
626 1433 766 1507 possent,
777 1419 896 1495 conati,
911 1420 1018 1508 operis
1031 1420 1210 1485 munitione
1223 1434 1258 1485 et
1268 1420 1326 1485 mi·

234 1503 331 1569 litum
343 1526 499 1569 concursu
511 1518 545 1571 et
557 1505 628 1571 telis
643 1506 777 1594 repulsi,
791 1504 851 1573 boc
862 1520 980 1572 conatu
993 1507 1198 1572 destiterunt.

279 1589 310 1655 9.
334 1588 592 1680 Relinquebatur
618 1614 682 1657 una
703 1617 761 1681 per
782 1592 948 1680 Sequanos
974 1593 1039 1668 via,
1085 1616 1140 1667 ua,
1171 1592 1328 1680 Sequanis

235 1674 356 1751 invitis,
377 1686 515 1765 propter
535 1680 697 1766 angustias
717 1679 765 1743 ire
783 1700 848 1745 nou
914 1692 1031 1745 terant.
1114 1679 1141 1744 is
1154 1702 1258 1766 quum
1271 1701 1329 1743 sua

234 1785 250 1827 s
295 1774 350 1828 nte
380 1764 571 1851 persuadere
604 1786 669 1831 nou
690 1778 844 1853 possent,
869 1704 997 1855 ligatos
1022 1764 1074 1831 ad·
1092 1764 1328 1852 Dumnorigem

303 1872 380 1913 uum
392 1849 539 1927 mittunt,
563 1864 602 1917 ut
620 1874 659 1917 eo
678 1852 888 1941 deprecatore
901 1876 921 1917 a
943 1852 1100 1941 Sequanis
1115 1851 1326 1952 inpetrareut.

229 1935 421 2001 'Dumnorix
436 1939 541 2024 gratia
554 1949 587 2002 et
601 1936 774 2025 largitione
789 1939 879 2027 apud
894 1940 1060 2027 Sequanos
1074 1937 1253 2027 plurimum
1271 1962 1328 2025 po

235 2034 381 2096 terat‚.et
399 2022 556 2089 Helvetiis
574 2038 643 2089 erat
658 2026 789 2100 amicus,
805 2026 894 2113 quod
909 2049 950 2090 ex
960 2049 998 2089 ea
1012 2025 1143 2089 civitate
1158 2023 1327 2111 Orgetori-

236 2106 285 2194 gis
299 2106 398 2172 filiam
413 2109 446 2173 in
459 2110 696 2175 matrimonium
709 2112 858 2188 duxerat,
870 2124 904 2177 et
918 2111 1096 2200 cupiditate
1107 2111 1199 2197 regni
1210 2110 1327 2175 adduc·

235 2206 288 2257 tus
309 2193 399 2258 novis
418 2194 513 2259 rebus
533 2194 682 2261 studebat
700 2208 735 2263 et
777 2221 851 2261 uam
867 2197 1023 2285 plurimas
1034 2197 1180 2261 civitates
1193 2220 1252 2262 suo
1266 2196 1328 2262 sibi

143 2308 145 2315 ·
236 2277 389 2345 beneficio
404 2278 521 2345 babere
533 2279 704 2347 obstrictas
718 2222 861 2349 volebat.
907 2282 1023 2372 ltaque
1034 2306 1102 2349 rem
1115 2283 1250 2383 suscipit
1263 2296 1328 2349 eta

238 2364 395 2465 Sequanis
410 2368 563 2454 inpetrat,
586 2378 625 2431 ut
640 2392 699 2459 per
713 2368 796 2434 *fines
809 2394 884 2435 suos
901 2369 1068 2437 Helvetios
1082 2370 1128 2435 ire
1148 2368 1326 2458 patrantur,

235 2450 424 2539 obsidesque
444 2454 494 2517 uti
515 2452 598 2519 inter
618 2454 787 2532 resedent,
804 2454 952 2557 perficit:
1050 2456 1138 2530 uani,
1158 2478 1197 2523 ne
1215 2455 1328 2522 itinere

238 2534 406 2604 Helvetios
429 2537 641 2626 prohibeant3
668 2542 825 2619 Helvetii,
849 2556 887 2609 ut
905 2544 973 2610 sine
994 2566 1047 2609 ma
1058 2542 1150 2609 elicio
1163 2555 1198 2607 et
1212 2542 1329 2633 injuria

233 2634 406 2693 transeant.

235 2768 391 2839 disputacio
404 2774 466 2843 erat,
478 2767 759 2847 Rbodanusdeflueret.
811 2774 850 2831 18,
865 2788 932 2823 mors
949 2772 984 2821 D.
998 2773 1102 2835 aquia
1112 2778 1136 2821 et
1148 2772 1254 2835 mairia
1263 2772 1331 2846 sitti-

235 2830 467 2943 ssqtmqllaflpmnquo
486 2834 587 2899 afficitis
607 2848 758 2947 ¹oiiqbcnjus¹
804 2841 862 2913 tari.
893 2836 963 2887 Male
973 2837 1078 2885 Hotom.
1087 2844 1173 2885 nostro
1184 2837 1242 2884 loco
1257 2836 1327 2884 addit

383 2910 407 2943 c.
443 2931 450 2947 .
534 2914 576 2945 oie
836 2907 841 2916 '
901 2938 909 2951 .
1219 2928 1223 2932 ·

234 2912 759 3021 emorqumtiliieinoffldaffi
803 2916 955 3015 “Jaegm
972 2964 1128 3030 significavit.
1151 2963 1192 3015 Sic
1207 2973 1267 3013 etc.
1285 2968 1325 3025 ia,

236 3020 276 3070 Lo
285 3022 439 3073 Cluiehodie
447 3023 518 3085 dicti,
526 3024 694 3075 istisindicat.
709 3028 759 3076 lta·
805 3030 870 3078 etC.
884 3034 906 3090 l,
916 3035 941 3079 6.
951 3029 1011 3078 item
1022 3028 1123 3079 Terent.
1140 3031 1205 3079 Eun.
1216 3037 1240 3090 ⁵,
1247 3034 1274 3091 9,
1285 3032 1326 3077 59.

253 3102 415 3136 uenounece
581 3125 622 3138 ..
746 3121 758 3132 ·
900 3098 906 3109 ¹
958 3096 1099 3161 mribusqiie
1153 3098 1167 3109 '‘
1227 3100 1251 3143 '.
1301 3092 1308 3103 '

233 3102 301 3201 dano
319 3092 613 3219 positui'liliiisiiiqui
626 3093 757 3207 ddildiiiuin
806 3096 1242 3223 Daiiiiiiiioudendorqifdnciidldi
1277 3096 1326 3208 gell

234 3228 356 3279 nusquam
377 3218 492 3281 pertinet,
510 3234 589 3283 neque
607 3227 645 3269 est
662 3236 757 3271 csussre
804 3224 861 3272 edd.
872 3225 914 3273 vul
949 3260 955 3271 .
967 3234 1024 3289 post
1040 3226 1226 3273 Hotomannum
1239 3238 1326 3287 coepe-

253 3278 380 3344 uidluam,
397 3291 425 3331 ut
442 3284 490 3332 boc
507 3299 564 3348 cap.
581 3284 693 3335 delectur
708 3301 758 3336 vox
805 3288 930 3337 runtexbi
966 3291 1113 3350 :emacem
1122 3289 1264 3352 mboque
1272 3290 1326 3347 αἰαῖ,

234 3296 540 3403 durmeoenimnomine
553 3348 591 3399 cii
606 3348 757 3399 Rhodanum
805 3353 924 3403 assota
944 3354 985 3404 bis
995 3353 1078 3417 posito
1087 3352 1165 3402 verbo
1175 3356 1227 3402 ate.
1260 3352 1325 3401 Ciim

234 3422 335 3482 quoque
351 3426 423 3485 mons
439 3412 631 3487 meari-potuit,
654 3414 757 3465 flumine
802 3425 888 3466 autem
906 3390 933 3492 ei
951 3418 1111 3491 alibisoleat
1124 3420 1189 3467 cliiii
1207 3418 1324 3466 alterutro

235 3472 340 3521 divisus.
373 3475 399 3549 βξ
410 3490 451 3525 cin
463 3478 518 3552 brec
528 3492 575 3527 non
587 3478 758 3543 placentium
805 3482 863 3530 loco
873 3484 966 3541 omitti,
977 3482 1021 3531 nbi
1032 3482 1073 3556 bis
1083 3483 1225 3546 ponendum
1231 3489 1326 3540 erat,et

234 3552 299 3602 pecc
310 3540 443 3588 consilium
453 3542 521 3590 Mon
532 3552 657 3607 sequatur.
804 3546 830 3595 in
844 3548 918 3596 codd.
938 3546 965 3596 b.
976 3548 994 3596 l.
1011 3556 1147 3607 omittatur,
1164 3554 1231 3595 recte
1243 3546 1327 3595 subls-

269 3604 360 3651 Decem
370 3619 462 3654 nocem.
487 3605 756 3659 Niminestliaecmuri
804 3621 857 3659 tuni
878 3619 925 3659 est.
953 3612 1016 3660 Jam·
1028 3612 1126 3661 dixerat
1146 3611 1195 3659 boc
1215 3612 1326 3661 Gronov.
1415 3642 1420 3651 ·

235 3666 375 3732 longitudo.
408 3668 476 3733 Ergo
493 3678 560 3719 recte
577 3672 673 3721 monuit
692 3674 758 3722 Vos·
803 3674 1036 3735 retineatur.
1068 3676 1326 3735 ermesindam,

236 3730 297 3793 sius,
314 3740 359 3781 aut
373 3734 608 3791 cenomaniam
624 3737 757 3801 legendnm
802 3744 879 3789 et25.

142 3823 150 3833 ι
234 3811 369 3856 essenon
390 3797 541 3862 conjunctim
561 3802 642 3849 decessi
661 3817 756 3852 mem.
838 3807 997 3870 »Si-ponent.
1028 3804 1127 3855 Terent.
1148 3802 1245 3854 Heaut.
1258 3808 1281 3864 1,
1303 3807 1327 3867 l,

234 3860 356 3933 l’robavit
372 3862 436 3921 hanc
457 3862 603 3915 sententiam
623 3864 756 3929 Celliiriui,
808 3871 1114 3932 tinnimentum.

234 3924 352 3988 idemque
361 3926 443 3977 visum
459 3944 514 3979 esse
525 3928 642 3979 Cluverio
659 3931 755 3993 (Germ.
839 3936 1070 3999 Opmmumtioiis.
1086 3931 1326 4009 lutelliqitinnm,

232 3994 326 4063 anta:
341 3990 378 4049 4.)
395 3992 510 4042 ostendit.
545 3994 663 4044 Probavit
678 3996 756 4046 etiam
804 3998 897 4049 fossam
917 4008 947 4056 et,
962 4000 1075 4061 castella,
1091 3998 1231 4065 dequibus
1247 4000 1325 4065 paulo

236 4052 363 4113 Davisius,
378 4056 438 4118 quia
456 4056 480 4105 in
496 4058 566 4107 Julio
583 4058 667 4119 Celso,
677 4077 702 4125 ρ.
714 4066 757 4121 al,
801 4064 1023 4115 condixeritis.

232 4126 272 4167 est
288 4118 376 4179 decem,
392 4118 501 4169 sineillo
520 4139 606 4175 nocein
624 4126 659 4173 Μ.
697 4126 754 4175 lloc
837 4132 1005 4193 Depoeiotoie.
1038 4128 1187 4194 Pnepositio
1206 4129 1324 4181 valetud

232 4197 292 4247 ergo
307 4183 450 4256 delendum.
472 4184 588 4238 Cl.dicta
602 4190 635 4237 ad
652 4190 678 4239 h.
693 4190 711 4239 l.
729 4190 755 4240 iu
803 4196 944 4259 augendum
954 4204 1018 4244 teste
1028 4194 1121 4254 Gellio,
1132 4198 1155 4255 6,
1170 4198 1208 4244 16.

232 4246 365 4327 Manliana.
838 4262 1001 4323 lnpetmssni.
1040 4260 1123 4325 Vulgo
1147 4262 1192 4311 hoo
1214 4262 1323 4325 inpetrir-

268 4314 480 4387 l’mlibsiepossit.
498 4316 581 4382 Vulgo
588 4328 674 4371 contra
681 4322 755 4371 codd.
801 4332 857 4373 rent
872 4333 959 4373 contra
972 4323 1083 4375 codices.
1103 4324 1144 4374 Cf.
1153 4340 1178 4373 c.
1190 4330 1229 4376 85.
1241 4328 1265 4385 5,
1280 4328 1321 4374 ⁸6.

232 4374 560 4444 legiturynotttertposieni.
577 4386 614 4433 M.
801 4392 826 4448 6,
842 4394 867 4437 2.

266 4442 337 4496 Mors
351 4452 375 4497 et
387 4447 504 4515 mpla.
534 4446 576 4499 Sic
593 4448 674 4503 Tacit.
689 4452 725 4502 ll.
736 4452 754 4504 l.
837 4454 918 4521 Ornet
937 4456 1142 4520 Μάνεω.
1156 4454 1231 4507 Cdo.
1242 4460 1266 4507 t.
1283 4454 1323 4523 n.
