2909 4809
453 260 893 335 marcian-ss
1186 248 1242 368 ου’

147 442 303 535 phalange
315 446 412 525 bots,
427 448 555 540 inpetus
567 452 965 541 ¹gladiorume'uoeperunt.
1004 408 1236 542 'Repertisunt

146 554 215 599 son
240 532 327 600 lures
348 538 450 603 nostri
471 539 599 615 milites,
620 540 722 629 quiin
762 539 1080 628 halangesinsilirent
1095 551 1234 607 etsoute

144 640 226 683 nnus
301 624 493 691 revellerent
504 639 537 691 et
551 628 689 715 desuper
703 652 747 693 vu
782 637 920 694 erareut.
966 628 1075 702 Quum
1094 626 1236 693 hostium
1338 642 1342 649 “

144 706 224 770 scies
238 730 258 770 a
271 709 400 775 sinistro
416 736 516 778 cornu
533 714 625 802 pulsa
644 727 745 815 atque
768 714 801 779 in
817 714 928 801 fugam
943 736 1095 782 conversa
1106 727 1198 789 esset,
1214 738 1237 779 a

143 792 258 859 dextro
271 817 373 863 cornu
388 798 589 865 vehementer
601 801 808 867 multitudine
822 824 955 865 suorum
976 813 1119 868 nostram
1132 802 1234 885 aciem

143 880 343 980 premebant.
382 884 420 950 ld
431 910 533 974 quum
544 888 816 953 animadvertisset
838 887 875 951 Ρ.
892 887 1025 953 Crassus
1041 887 1233 962 adolescens,

143 988 197 1065 pur
220 970 370 1055 equitatu
391 986 540 1060 praeerat,
572 975 661 1062 quod
680 974 861 1063 expeditior
881 987 963 1048 erat,
986 997 1083 1061 quam
1106 972 1151 1047 hi,
1175 973 1233 1059 qui

142 1063 224 1118 mter
247 1057 348 1121 aciem
367 1060 588 1137 versabantur,
611 1062 739 1126 tertiam
757 1062 857 1127 aciem
875 1060 1097 1127 laborantibus
1117 1060 1234 1128 nostris

141 1139 270 1207 subsido
282 1144 377 1209 misit.

182 1228 237 1293 53.
264 1228 316 1293 Ita
330 1230 481 1318 proelium
502 1234 688 1302 restitutum
707 1247 756 1299 est
772 1246 873 1323 atque
892 1258 1000 1303 omnes
1017 1232 1123 1300 hostes
1137 1242 1231 1319 terga

142 1326 322 1391 verterunt,
346 1342 449 1407 neque
465 1321 554 1408 prius
576 1322 688 1409 fugere
708 1322 913 1396 destiterunt,
935 1345 1032 1422 quam
1051 1319 1093 1385 ad
1112 1318 1231 1383 flumen

143 1396 291 1465 Rhenum
305 1404 392 1473 milia
406 1430 553 1493 passuum
566 1432 605 1475 ex
618 1432 656 1473 eo
669 1409 742 1473 loco
762 1408 890 1473 circiter
905 1408 1140 1507 quinquaginta
1158 1428 1231 1494 per·

141 1489 297 1553 venerint.
344 1490 394 1556 lbi
456 1495 568 1581 rpauci
588 1506 646 1559 aut
666 1494 790 1561 viribus
810 1493 922 1560 consisr
943 1506 1141 1562 transnatare
1156 1516 1230 1557 con-

141 1573 325 1651 tenderunt,
340 1590 397 1642 aut
423 1580 561 1645 intribus
578 1581 712 1646 inventis
726 1581 787 1646 sibi
799 1581 936 1645 salutem
947 1592 1149 1668 repererunt.
1190 1576 1230 1643 ln

138 1657 185 1723 his
199 1662 263 1725 fuit
277 1663 470 1740 Ariovistus,
482 1668 553 1754 qui,
567 1667 750 1733 naviculum
758 1668 930 1753 deligatam
941 1666 981 1730 ad
991 1667 1094 1754 ripam
1105 1676 1231 1739 nactus,

139 1769 176 1810 ea
196 1748 363 1837 profugit:
390 1752 531 1840 reliquos
546 1777 652 1819 omnes
665 1754 828 1819 consecuti
840 1754 963 1840 equites
978 1752 1079 1817 nostri
1101 1750 1230 1815 interfe-

139 1846 265 1899 cerunt.
312 1838 395 1903 Duae
411 1838 542 1904 fuerunt
564 1839 718 1906 Ariovisti
735 1855 861 1913 uxores,
885 1862 949 1902 una
969 1839 1076 1901 Sueva
1089 1838 1229 1913 natione,

140 1922 294 2007 quamab
306 1923 403 1990 domo
422 1948 529 1989 secum
549 1927 722 1999 eduxerat;
746 1926 849 1991 altera
873 1923 1005 1998 Norica,
1028 1923 1110 2009 regis
1134 1922 1229 1987 Voci-

139 2007 207 2073 onis
221 2032 324 2086 soror,
340 2034 438 2098 quam
449 2012 482 2075 in
494 2013 601 2077 Gallia
613 2013 762 2084 duxerat,
775 2035 794 2076 a
809 2012 910 2076 fratre
922 2011 1063 2074 missam:
1083 2020 1230 2096 utraeque

138 2092 170 2157 in
184 2117 223 2158 ea
235 2096 314 2184 fuga
328 2098 504 2184 perierunt.
551 2100 634 2163 Duae
646 2096 719 2163 filiae
739 2097 865 2173 harum,
879 2098 981 2163 altera
994 2096 1107 2170 occisa,
1127 2095 1231 2161 altera

139 2194 236 2279 capta
248 2194 307 2247 est.
354 2184 394 2247 C.
411 2185 558 2250 Valerius
573 2184 743 2260 Procillus,
756 2208 858 2287 quum
872 2209 892 2249 a
906 2183 1092 2249 custodibus
1106 2183 1137 2247 in
1151 2182 1231 2271 fuga

139 2268 230 2333 trinis
254 2270 372 2335 catenis
394 2270 520 2336 vinctus
542 2271 738 2347 traheretur,
761 2294 793 2336 ru
813 2272 919 2359 ipsum
943 2270 1111 2344 Caesarem,
1133 2268 1232 2334 hostis

136 2354 285 2454 equitatu
300 2372 555 2445 persequentem,
571 2358 691 2424 incidit.
739 2359 820 2433 Quae
831 2358 960 2446 quidem
972 2381 1021 2422 res
1036 2356 1153 2420 Caesari
1166 2378 1231 2421 non

137 2462 303 2517 minorem,
318 2466 415 2531 quam
440 2445 508 2533 ipsa
530 2447 676 2519 victoria,
699 2445 904 2596 voluptatem
925 2443 1056 2517 adtulit,
1072 2443 1161 2543 quod
1175 2442 1230 2509 ho·

137 2526 252 2592 minem
265 2528 516 2595 honestissimum
538 2532 709 2619 provinciae
726 2533 778 2595 Ga
791 2532 852 2606 liae,
876 2553 971 2595 suum
989 2529 1177 2593 famiharem
1196 2539 1231 2594 et

136 2610 305 2703 hospitem,
317 2640 371 2681 ere
397 2630 493 2682 tume
503 2619 648 2683 manibus
657 2618 808 2692 hostium,
820 2618 881 2682 sibi
892 2616 1080 2680 restitutum
1087 2613 1229 2690 videbat,

136 2720 240 2787 neque
252 2702 319 2789 ejus
334 2642 514 2769 calamitate
521 2704 560 2769 de
573 2716 663 2771 tanta
675 2704 846 2791 voluptate
859 2713 893 2767 et
908 2701 1125 2789 gratulatione
1138 2701 1230 2787 quid·

137 2810 235 2873 quam
247 2789 378 2855 fortuna
390 2790 599 2856 deminuerat.
645 2790 687 2867 ls,
703 2815 735 2855 se
748 2801 915 2877 praesente,
929 2789 969 2853 de
981 2810 1013 2851 se
1025 2798 1075 2851 ter
1087 2786 1230 2854 sortibus

136 2874 318 2939 consultum
332 2877 471 2967 dicebat,
488 2889 599 2942 utrum
621 2878 688 2966 igni
699 2878 810 2943 stetim
824 2887 1006 2949 necaretur,
1028 2897 1070 2938 an
1086 2874 1119 2939 in
1140 2873 1230 2939 aliud

138 2970 264 3050 tempus
287 2975 521 3029 reservaretur:
547 2966 683 3030 sortium
701 2962 855 3029 beneficio
882 2986 915 3027 se
935 2986 1001 3027 esse
1025 2960 1228 3026 incolumem.
1291 3039 1295 3046 .

138 3044 220 3111 Item
237 3048 287 3113 M.
306 3050 444 3115 Mettius
459 3063 607 3137 repertus
621 3064 654 3117 et
668 3051 710 3117 ad
724 3074 800 3115 eum
814 3050 967 3115 reductus
982 3060 1041 3113 est.

168 3188 518 3253 Pholmspesouta.Cf.e.24.
538 3190 574 3238 Μ.
740 3192 899 3253 Βορηηοιοιι.
930 3186 1051 3237 laenas.
1085 3184 1231 3247 Sedvulgo,

169 3254 323 3317 Phalasarna.
355 3254 471 3303 Germani
483 3249 618 3319 generatim
630 3262 655 3302 et
701 3258 830 3319 petierant
849 3255 886 3302 M.

135 3332 180 3381 per
200 3315 331 3368 intervella
351 3328 443 3369 stantes
458 3320 609 3381 pugnabunt,
629 3328 657 3367 ut
739 3321 776 3369 Ab
792 3321 862 3369 domo
878 3333 959 3367 seeum
975 3317 1100 3365 samot-
1132 3315 1229 3363 Incerta
1316 3328 1322 3337 ’

134 3382 371 3439 e..‘›l,dictumest.
404 3384 468 3447 Ergo
475 3388 655 3449 ptureseomm
703 3384 782 3433 lectio
804 3392 849 3431 est.
885 3381 948 3439 Alii,
967 3380 1127 3445 qaomdcmo
1146 3395 1228 3429 secam

135 3446 272 3511 phalanges
283 3448 390 3497 fuerunt.
408 3451 445 3497 M.
622 3490 625 3497 .
701 3450 822 3499 deverare
845 3445 902 3506 alii,
923 3462 965 3510 qu.
983 3446 1009 3495 d.
1028 3461 1049 3494 s.
1059 3444 1147 3493 adasa
1171 3443 1228 3503 alii,

167 3515 361 3577 Quinqunpr'ntm
393 3512 442 3562 llic
452 3528 569 3563 numeras
581 3516 655 3577 plane
702 3530 779 3577 orsam
787 3514 819 3563 ab
830 3513 855 3561 d.
864 3527 885 3561 s.
893 3512 931 3560 ed.
942 3511 1063 3560 velduaa
1079 3507 1136 3568 elii,
1149 3524 1227 3573 panus

135 3576 243 3626 incertus
265 3586 312 3626 est.
346 3578 440 3629 Omnes
461 3582 533 3629 codd.
561 3579 654 3628 habent
702 3579 728 3628 cl.
739 3594 759 3627 s.
769 3578 863 3627 afflue.
880 3578 918 3625 M.

171 3645 177 3656 ’
246 3662 255 3690 .-
270 3658 335 3691 unns
346 3642 461 3704 Orosius,
476 3644 520 3721 qui
534 3644 653 3708 proelium
741 3644 991 3705 Utroeqsepen'ensnt.
1009 3638 1051 3687 Sic
1060 3639 1227 3687 coddetedd.

200 3714 227 3755 et
245 3706 302 3771 ipse
318 3710 343 3768 6,
361 3711 384 3756 7.
408 3708 551 3773 descripsit,
568 3708 654 3773 posuit
700 3718 751 3757 vet.
772 3708 1056 3770 Vulgosemqaepm'r't.

131 3774 320 3837 quiesqrsupr'sstn.
354 3773 457 3822 variant
471 3776 548 3823 etiam
564 3774 654 3832 Graeci,
736 3774 820 3822 Hostis
843 3774 953 3844 equam
1147 3801 1154 3813 ·
1188 3766 1225 3815 lte

131 3836 175 3899 qui
190 3835 314 3951 'ipiiiuffi
339 3834 652 3953 ξειοὲῗάἱαιὲιιεῖᾖιιιιῧὲι
702 3836 803 3915 probati
813 3834 1029 3947 mmm„
1052 3832 1225 3894 ulgohostisms

131 3916 226 3951 namin
268 3918 365 3951 ure.
438 3920 472 3951 .c.
526 3920 594 3953 ane
647 3938 653 3951 .
700 3908 834 3967 emmeram

131 3962 230 4019 “aba
262 3967 401 4033 τριακοσίους,
431 3968 478 4018 alli
505 3938 653 4036 :regnatam
736 3914 955 4015 How
985 3978 1009 4010 c.
1032 3964 1070 4009 19.
1110 3963 1226 4027 heoepu

130 4031 264 4093 exhibeam
301 4030 328 4081 in
365 4032 471 4082 &nris
501 4031 654 4097 metaphrasi
703 4033 799 4083 esaim
816 4030 854 4078 M.

132 4098 219 4145 Gmct
245 4094 327 4145 οτῦιι
357 4100 526 4165 nesapium
554 4098 654 4162 legitur.
736 4097 852 4145 Senibus.
866 4108 891 4141 v.
900 4092 932 4139 nd
942 4108 966 4140 c.
978 4094 1018 4140 50.
1036 4090 1074 4139 M.
1107 4088 1222 4153 Septimo

130 4161 247 4210 Ceterum
257 4161 367 4211 tironum
376 4162 535 4213 causaliceet
544 4179 654 4222 monere,
701 4176 717 4211 a
736 4160 835 4208 Cessare
849 4157 942 4206 seculo
958 4157 1039 4206 adhuc
1057 4171 1117 4204 eura
1127 4169 1223 4221 morepr

129 4226 361 4277 stadiumconstsre
373 4230 417 4276 125
495 4230 653 4279 ibusetocto
701 4220 1118 4296 viguissepatetexBeksinsits
1130 4220 1224 4269 wille-

128 4291 390 4343 stsdisefficereunum
397 4293 432 4343 mi
444 4292 496 4343 iare
503 4296 656 4346 Romanum.
702 4290 799 4349 brordi,
810 4287 959 4353 transcripta
966 4304 998 4337 ex
1010 4286 1129 4361 Alcurnp.
1197 4348 1204 4360 ·

128 4356 185 4407 sive
197 4358 260 4407 mile
270 4372 368 4421 passus.
384 4360 423 4407 Μ.
446 4360 568 4411 Mendunr
577 4360 657 4411 subo·
735 4358 771 4405 M.
784 4357 890 4405 Mettius.
922 4354 984 4418 Ejus
995 4360 1090 4401 menno
1101 4366 1127 4399 ιιι
1136 4365 1220 4399 ιιιιιιιιο

128 4422 179 4474 luit
188 4424 360 4484 Hotomanus,
369 4422 415 4490 qui
427 4424 536 4476 sustulit.
702 4419 809 4474 Cauris
817 4420 886 4487 apud
898 4416 1064 4470 Vaillantiuru
1078 4423 1105 4466 et
1119 4414 1220 4465 Eckhs·
