2909 4809
199 251 287 335 oo
535 241 963 326 nnssmocrvrss
1018 263 1056 326 ,ι
1112 195 1114 211 '

206 449 395 534 coeperunt.
435 439 515 517 Qua
534 461 572 508 rs
590 436 825 517 animadversa,
847 437 955 506 ΟΜ
974 431 1082 526 copias
1101 427 1342 534 munivimu-

206 543 402 622 psrtemque
415 526 581 616 legionum
594 525 629 592 in
642 527 754 593 cestris
777 525 924 616 Pompeii
939 545 1102 592 remanere
1115 523 1222 611 jussit,
1239 541 1330 608 per-

207 632 277 686 tem
291 619 325 682 in
338 639 398 682 sus
410 628 516 681 cestre
530 612 671 688 remisit;
692 625 837 702 quatuor
848 636 958 680 secum
972 611 1113 700 legiones
1124 609 1219 674 duxit
1231 628 1330 674 com-

206 704 419 801 modioreque
432 701 547 769 itinere
565 700 765 789 Pompeianis
776 723 946 768 occurrere
958 698 1058 788 coepit
1068 709 1113 775 et,
1126 717 1330 848 &gressus

207 791 298 860 milis
323 813 475 877 pessume
498 812 566 867 sex,
596 787 699 854 eciem
719 789 884 857 instruxit.
931 788 1005 864 Qus
1026 809 1062 852 re
1082 808 1135 850 am
1210 804 1327 855 versa,

209 876 398 966 Pompeiani
424 875 459 941 in
475 875 619 964 quodum
639 888 748 942 monte
771 876 995 942 constiterunt.
1049 871 1148 938 Hunc
1174 879 1329 971 montem

208 963 329 1032 flumen
357 963 545 1032 subluebst.
604 961 725 1040 Caessr,
756 963 874 1030 milites
902 961 1102 1037 cohortatus,
1128 968 1189 1024 etsi
1217 967 1330 1018 tonus

206 1051 274 1118 diei
301 1051 477 1118 continenti
502 1050 615 1118 lebore
640 1062 734 1120 erent
762 1051 913 1126 confecti,
937 1071 1065 1136 noxque
1085 1047 1151 1136 jam
1172 1043 1336 1141 suberat,-

206 1149 318 1206 temen
337 1138 516 1205 munitione
537 1137 657 1204 flumen
677 1162 698 1202 s
718 1150 827 1204 monte
849 1136 989 1212 seclusit,
1011 1158 1052 1201 ne
1077 1143 1177 1200 noctu
1202 1151 1338 1230 equari-

208 1223 400 1314 Pompeiani
414 1237 554 1326 possent.
579 1225 654 1300 Quo
664 1224 731 1313 jem
747 1225 893 1314 perfecto
908 1246 1015 1312 opere,
1030 1221 1078 1287 illi
1093 1220 1133 1286 de
1144 1217 1329 1318 delitiosus,

208 1311 309 1378 missis
323 1310 451 1414 legatis,
466 1334 563 1402 egere
576 1322 756 1400 coeperunt.
812 1311 912 1377 Pauci
926 1308 1046 1377 ordinis
1063 1309 1239 1381 Senatorii,
1263 1325 1337 1391 qur*

142 1473 145 1480 ,
206 1421 243 1466 se
255 1422 332 1468 eum
344 1398 384 1464 irs
395 1400 641 1488 conjunxerant,
657 1411 751 1464 nocte
767 1398 847 1485 tuga
861 1399 998 1464 salutem
1012 1394 1189 1486 petierunt.

253 1485 309 1552 98.
333 1485 444 1552 cesar
458 1486 563 1575 prime
577 1485 650 1551 luce
665 1507 773 1552 omnes
788 1509 854 1562 eos,
868 1484 925 1573 qui
939 1485 973 1550 in
981 1496 1089 1550 monte
1101 1478 1328 1554 consederant,

119 1569 123 1578 ’
210 1593 255 1638 ex
268 1571 492 1661 superioribus
503 1571 582 1638 locis
596 1571 630 1637 in
645 1573 812 1662 planitiem
828 1572 1020 1638 descendere
1030 1583 1129 1658 atque
1143 1593 1233 1636 arma
1248 1591 1329 1657 pro-

206 1657 308 1749 jicere
319 1659 425 1747 jussit.
473 1659 571 1734 Quod
592 1659 650 1727 ubi
665 1661 732 1726 sine
754 1661 955 1728 recusatione
978 1659 1140 1735 fecerunt,
1161 1655 1329 1747 possisque

189 1750 192 1761 '
209 1745 340 1836 palmis,
363 1745 502 1836 projecti
523 1745 565 1812 ad
589 1759 721 1824 terram,
745 1747 857 1814 flentes
870 1748 915 1814 ab
929 1771 968 1816 eo
983 1747 1118 1812 salutem
1134 1744 1325 1834 petierunt;

208 1833 390 1900 consolatus
404 1848 599 1923 consurgere
611 1835 707 1922 jussit
721 1846 768 1911 et,
783 1859 888 1925 peuce
901 1835 991 1922 apud
1002 1857 1054 1900 eos
1067 1831 1108 1898 de
1120 1832 1253 1899 lenitate
1264 1851 1326 1930 sup.

206 1918 349 1997 locutm,
365 1945 433 2010 quo
447 1921 572 1987 minore
588 1934 693 1987 essent
713 1921 842 1998 timore,
866 1944 975 1988 omnes
996 1919 1218 1994 conservavit3
1240 1915 1327 1982 mrh·

208 2006 366 2098 tibusque
386 2010 451 2073 suis
464 2007 727 2086 commendavit,
750 2031 790 2076 ne
835 2009 869 2073 ui
892 2031 1005 2075 eorum
1022 2007 1235 2080 violarentur,
1261 2025 1326 2068 neu

208 2094 296 2196 quid
322 2096 375 2161 sui
398 2093 630 2162 desiderarent.
676 2095 750 2162 Hac
772 2096 814 2163 ad
839 2095 919 2162 'bitu
939 2095 1119 2184 diligentis,
1143 2115 1185 2158 ex
1211 2091 1326 2191 castris

108 2196 113 2201 '
206 2180 270 2249 nbi
284 2181 427 2270 legiones
440 2181 520 2248 elias
534 2205 704 2247 occurrere
716 2193 752 2250 et
766 2207 830 2260 eas,
856 2205 936 2270 ques
949 2205 1057 2248 secum
1071 2179 1223 2256 duxerat,
1245 2177 1326 2244 invi-

209 2291 280 2333 cem
293 2269 495 2355 requiesesre
509 2279 609 2355 atque
623 2269 657 2334 in
671 2281 779 2334 cestra
796 2269 915 2337 reverti
932 2269 1044 2360 jusit:
1076 2265 1255 2356 eodemque
1270 2264 1325 2331 die

215 2351 379 2420 {crimem
393 2354 555 2443 pervenit.

258 2438 312 2506 99.
337 2438 376 2505 In
390 2463 430 2506 eo
443 2441 563 2531 proelio
577 2464 643 2509 non
658 2443 797 2533 amplius
810 2443 967 2511 ducentos
980 2441 1099 2509 milites
1112 2438 1305 2508 desideravit
1317 2463 1325 2514 ;

206 2525 269 2594 sed
284 2527 510 2606 Centuriones,
526 2527 626 2595 fortes
640 2531 738 2610 viros,
761 2532 891 2598 circiter
906 2532 1042 2618 triginta
1061 2528 1176 2595 amisit.
1223 2526 1326 2593 Inter·

212 2615 323 2701 sectus'
344 2626 396 2682 est
424 2617 523 2682 etism
548 2615 719 2684 fortissime
744 2643 891 2720 pugnans
923 2618 1102 2693 Crastinus,
1126 2615 1217 2703 cujus
1239 2637 1325 2681 men·

214 2702 338 2770 tionem
351 2726 454 2793 supro
466 2702 612 2782 fecimus,
627 2704 741 2794 gladio
753 2729 785 2772 sn
798 2731 832 2772 os
843 2706 1016 2774 adversum
1029 2703 1186 2793 conjecto.
1211 2703 1327 2790 Neque

215 2887 330 2956 Scaliger
341 2898 367 2940 et
374 2891 495 2942 Davisius
502 2908 534 2942 ee
542 2891 747 2943 omittendsesse
804 2895 889 2960 placet
899 2895 1024 2958 Bentleio‚
1033 2911 1079 2946 uec
1087 2893 1163 2945 video
1169 2894 1230 2958 quid
1236 2893 1325 2952 obstet,

214 2962 328 3005 censent.
351 2956 435 3016 (Adde
452 2958 633 3008 Robortellum
645 2959 709 3008 Adn.
721 2963 748 3018 2,
804 2961 873 3024 quod
884 2977 944 3010 mox
955 2959 1325 3026 sequitnrcommods'oreitinm

215 3021 259 3080 48.
281 3029 308 3069 et
326 3019 413 3084 Sigon.
434 3023 493 3072 Em.
514 3026 537 3082 1,
555 3023 608 3082 4³.)
629 3023 747 3074 curuis·
807 3026 966 3090 Pompeianis
973 3029 1188 3090 occurreremus.
1220 3023 1324 3075 Cu'scic

216 3084 287 3150 (post
307 3084 435 3145 Wessium
450 3087 482 3135 sd
501 3087 562 3136 Ssll.
581 3087 637 3136 Cet.
655 3105 681 3136 c.
704 3090 748 3151 44)
805 3107 907 3154 quoque
919 3092 1048 3142 adridebat
1063 3095 1132 3152 cuis,
1148 3093 1229 3155 eqsrs's.
1282 3105 1323 3139 urn

160 3169 168 3174 ·
208 3153 283 3216 juqr's
294 3153 328 3199 εἰσ
338 3149 390 3214 legi
402 3151 502 3212 maluit.
515 3151 543 3202 h.
555 3167 579 3200 e.
591 3167 639 3216 per
646 3154 705 3218 juga
716 3170 747 3204 es
806 3165 890 3205 sutem
903 3155 969 3206 Oud.
981 3157 1052 3207 molit
1061 3161 1119 3216 siri,
1128 3159 1199 3220 eqsss'.

217 3217 250 3278 (s.
261 3230 293 3263 ex
301 3215 372 3280 jugis
381 3216 441 3279 eis).
467 3214 573 3266 Exoliis
582 3217 747 3276 lectionibus,
841 3223 900 3275 Qua
922 3238 949 3271 rs
975 3222 1062 3284 (MSS.
1083 3223 1136 3271 lere
1157 3235 1253 3278 ornnes,
1273 3221 1323 3284 sps)

216 3284 282 3331 vires
290 3286 354 3344 ejus,
365 3283 426 3330 viris
434 3286 498 3342 qus,
510 3290 536 3331 et
549 3287 662 3333 oniensi
670 3285 749 3334 mul
807 3287 991 3348 suenus-ersa,
1006 3289 1143 3338 casm.
1161 3287 1247 3336 Potest
1254 3285 1322 3334 codd.

220 3345 362 3404 Larisum,
379 3345 446 3395 nihil
455 3347 617 3410 potesterui,
633 3348 750 3412 essiqui·
771 3359 773 3365 ’
806 3351 883 3404 lectio
893 3351 1033 3416 explies1i3
1050 3354 1093 3402 sed
1105 3350 1324 3402 nonsineduritie.

218 3404 279 3460 (ism
288 3414 429 3474 etrisequs's
439 3410 490 3475 legi
501 3412 644 3463 voluerunt.
669 3414 751 3479 Illon-
806 3418 847 3467 M.
881 3415 1322 3484 oud-putstrpecompendicscrip-

218 3477 281 3525 dum
293 3481 358 3540 puto
378 3484 503 3540 repertum
522 3493 578 3527 esse
593 3493 680 3528 veram
699 3481 750 3529 lec·
770 3513 778 3538 ,
795 3483 861 3530 'turn
881 3497 930 3546 pro
949 3489 1036 3560 syrie.
1069 3481 1184 3532 victorio
1204 3481 1222 3531 l.
1243 3497 1267 3531 c.
1285 3497 1323 3546 sps

221 3537 328 3590 tionem.
345 3541 384 3590 Μ.
411 3541 499 3592 Deris.
511 3543 655 3608 suspicetur
665 3545 753 3608 legen·
808 3547 923 3596 ivellum
933 3550 1052 3614 sovdr'ffi
1060 3565 1114 3598 esse
1125 3548 1231 3598 ridetur.
1247 3546 1323 3598 Nimis

221 3603 283 3655 dum
291 3609 539 3658 emersissem.
571 3610 610 3657 Es
622 3610 750 3660 vocabule
807 3621 926 3676 argutum
937 3612 1038 3662 videtur
1048 3613 1074 3664 id
1086 3613 1203 3663 Oudend.

222 3668 344 3720 confisisdi
356 3672 438 3720 solent
445 3689 453 3734 3
475 3673 546 3735 cujus
557 3671 593 3721 rei
604 3676 751 3738 exemplum
841 3677 918 3728 Mitis.
945 3681 1137 3731 commmitteret.
1186 3677 1227 3727 Sic
1256 3679 1321 3727 codd.

222 3739 300 3786 ets.
338 3735 520 3786 insubsidium
532 3745 641 3786 vocate.
653 3742 693 3788 63.
703 3739 752 3788 ubi
808 3756 900 3804 magno
911 3759 1015 3794 numero
1027 3743 1063 3804 (et
1073 3745 1131 3794 edd.
1148 3743 1321 3804 vet.),necsd·

221 3799 261 3851 sic
271 3802 557 3866 Pompeianiecemirus.
571 3802 751 3854 Victor.V.L.
808 3816 889 3870 peret,
905 3811 972 3859 unde
991 3809 1123 3874 inrepserit
1132 3807 1210 3859 lectio
1221 3809 1320 3874 vulgare,

221 3859 248 3925 9,
259 3871 301 3915 2⁴.
315 3872 369 3931 ejus
373 3871 444 3930 juris
454 3867 567 3930 explicet
613 3869 752 3933 rejuslor·
772 3883 774 3889 ⁴
807 3874 927 3924 militibus
931 3877 1016 3940 ,trusit
1028 3873 1090 3924 satis
1099 3875 1144 3925 ille
1160 3873 1260 3938 indigns
1273 3873 1320 3922 Ce-

221 3938 289 3980 tuno
311 3931 354 3980 vel
371 3931 536 3982 conditionis.
604 3933 685 3983 snutii
708 3935 749 3983 vel
808 3951 871 3988 sare.
890 3941 928 3990 M.

222 3995 751 4063 memipotium'rs,equss,euisimile
844 4005 946 4068 Nequi.
965 4004 1274 4069 Aliimqssosotarerur·
1311 4051 1314 4058 .

222 4059 507 4131 liubetCicerodeOll.
524 4065 601 4122 s,88.
637 4067 701 4114 Cum
711 4067 752 4114 lis
843 4070 976 4134 Nesqus'sl
986 4074 1035 4122 sui.
1062 4071 1225 4120 Merclsndus
1235 4087 1261 4136 p.
1272 4071 1320 4120 trs.

218 4129 291 4186 oirr's,
297 4129 427 4190 equisque,
435 4129 569 4186 ordicimr,
576 4129 757 4180 decertandum
807 4131 851 4182 det
861 4139 928 4194 usui,
941 4143 968 4184 ut
978 4137 1009 4194 G.
1021 4139 1045 4196 4,
1057 4139 1098 4184 99.
1109 4135 1139 4185 C.
1150 4142 1175 4196 2,
1187 4140 1228 4186 85.

220 4198 266 4239 est.
276 4189 389 4253 itemque
402 4191 471 4241 Phil.
486 4195 512 4251 8,
523 4196 548 4240 7.
566 4198 656 4254 armis,
672 4197 751 4258 equis
842 4201 983 4261 Crastinus.
999 4199 1039 4252 Cf.
1049 4217 1073 4254 ο,
1085 4206 1128 4254 91,
1143 4203 1184 4255 Μ,
1293 4225 1295 4230 ,

216 4255 762 4326 snuDAErssosubsessrsmjureprae·
1055 4261 1061 4270 '
