2909 4809
245 179 312 316 eao
589 240 653 311 nn
675 231 826 349 sento
850 231 1006 310 olvrnr.
1093 233 1102 292 ἐ

249 431 384 500 Cetaria
398 441 620 520 exspectatur:
644 431 769 498 nullum
783 453 822 498 ex
835 452 941 506 muro,
957 426 1114 494 nullume
1128 424 1244 492 nostris
1266 425 1341 492 mit-

249 518 334 586 titur
359 519 480 594 telum;
503 531 542 582 ut
568 541 603 584 re
627 519 786 595 confecta,
813 539 921 583 omnes
948 539 1066 590 curam
1080 526 1114 578 et
1137 513 1340 600 diligentiam

250 605 431 672 remittunt.
476 604 583 670 Caesar
610 605 695 670 enirn
722 628 782 694 per
807 604 930 670 litteras
955 601 1120 668 Trebonio
1142 621 1341 688 magnopere

249 691 467 767 mandaverat,
481 714 520 757 ne
530 715 596 794 per
621 691 686 757 uim
710 687 1071 782 oppidum‘expugnari
1090 699 1275 776 pateretur:
1298 709 1341 752 ne

249 778 379 866 gravius
399 790 540 880 permoti
563 777 681 844 milites
707 791 743 844 et
762 776 949 845 defectionis
972 774 1044 842 odio
1067 789 1100 839 et
1122 773 1339 840 contemtione

248 863 299 929 sui
316 877 351 930 et
374 863 499 931 diutino
521 864 631 931 labore
651 887 758 930 omnes
781 864 918 952 puberes
937 861 1171 928 interficerent:
1195 858 1282 946 quod
1304 881 1339 923 se

248 950 392 1018 facturos
405 951 628 1025 minabantur;
651 974 800 1039 aegreque
822 963 898 1014 tunc
911 961 984 1016 sunt
999 947 1127 1022 retenti,
1150 945 1228 1035 quin
1243 947 1339 1036 oppi-

247 1035 325 1102 dum
361 1037 466 1104 inrum
510 1048 596 1111 rent,
631 1038 840 1128 graviterque
875 1059 943 1102 eam
970 1058 1038 1100 rem
1067 1033 1230 1108 tulerunt,
1249 1033 1339 1120 quod

247 1125 372 1275 Ltetisse
396 1147 453 1212 per
503 1123 682 1200 rebonium,
697 1147 765 1212 quo
779 1124 882 1190 minus
900 1121 1021 1214 oppido
1036 1123 1233 1210 potirentur,
1249 1119 1339 1186 vide-

292 1222 358 1275 tur.

296 1297 345 1361 lt.
370 1297 417 1361 At
427 1293 532 1362 hostes
545 1298 612 1366 sine
626 1295 690 1362 lide
705 1308 832 1386 tempus
842 1307 940 1382 atque
953 1295 1148 1361 occasionem
1163 1292 1288 1359 fraudis
1300 1315 1338 1360 ae

246 1380 315 1448 doli
329 1395 494 1472 quaerunt;
518 1383 760 1472 interjectisque
775 1383 900 1473 aliquot
913 1382 1036 1458 diebus,
1056 1381 1170 1451 nostris
1185 1381 1340 1469 languen-

247 1469 337 1535 tibus
349 1482 448 1558 atque
461 1469 566 1534 animo
580 1469 726 1545 remissis,
740 1470 858 1545 subito,
877 1467 1052 1544 meridiano
1064 1481 1223 1570 tempore,
1237 1489 1340 1554 quum

241 1555 330 1621 'alius
349 1553 549 1634 discessisset,
574 1557 656 1623 alius
681 1579 722 1622 ex
748 1555 872 1620 diutino
892 1555 1002 1620 labore
1027 1555 1059 1619 in
1089 1557 1164 1642 ipsis
1186 1553 1341 1642 operibus

167 1683 171 1692 ·
246 1641 351 1730 quieti
378 1667 411 1708 se
437 1641 586 1719 dedisset,
613 1666 702 1710 arma
728 1665 805 1708 vero
830 1642 933 1708 omnia
961 1639 1103 1729 reposita
1125 1653 1342 1727 contectaque

245 1743 361 1805 emeat,
390 1729 492 1819 portis
511 1755 545 1795 se
566 1730 651 1796 foras
670 1753 762 1795 erum
788 1740 858 1804 unt,
881 1727 1022 1793 secundo
1043 1749 1222 1816 magnoque
1242 1741 1340 1792 vento

246 1813 354 1904 ignem
370 1815 523 1906 operibus
537 1817 691 1882 inferunt.
739 1753 835 1881 ilinc
857 1815 901 1880 sie
924 1814 1050 1880 distulit
1062 1829 1187 1889 ventus,
1208 1815 1259 1880 uti
1274 1836 1340 1881 uno

143 1925 148 1938 ·
246 1913 395 1992 ternpore
419 1925 533 1992 agger,
553 1903 674 2006 plutei,
698 1902 838 1978 testudo,
862 1901 973 1982 turris,
996 1915 1154 1968 tormenta
1180 1901 1340 1967 flammam

139 2013 142 2020 ·
245 1991 452 2079 eoneiperent
464 2004 498 2054 et
535 1989 678 2056 rrusbaeo
691 1990 797 2056 omnia
810 2001 1093 2064 consumerentur,¹
1128 2009 1212 2064 uam,
1228 2011 1338 2076 quem·

246 2074 422 2142 admodum
436 2014 611 2152 accidisset,
626 2076 768 2142 animum
782 2075 909 2142 adverti
924 2087 1039 2164 posset.
1087 2009 1211 2151 bilustri,
1224 2096 1338 2177 repen·

245 2161 315 2226 tina
327 2162 459 2228 fortuna
474 2165 625 2252 permoti,
640 2187 740 2240 arma,
755 2187 827 2251 quae
842 2175 985 2252 possunt,
1012 2159 1198 2250 adripiunt:
1221 2161 1276 2226 aln
1297 2186 1338 2230 ex

187 2307 192 2319 ,
244 2247 359 2313 eastris
380 2273 445 2314 sese
464 2249 616 2324 incitant;
646 2249 686 2315 fit
698 2251 731 2315 in
745 2249 843 2315 hostis
863 2249 1007 2338 inpetum
1029 2247 1083 2313 sed
1104 2271 1199 2314 muro
1212 2249 1338 2338 sagittis

243 2335 478 2422 tormentisque
493 2335 654 2438 fugientes
667 2336 814 2425 persequi
826 2335 1048 2424 prohibentur.
1072 2333 1124 2400 llli
1136 2336 1197 2401 sub
1209 2357 1338 2402 murum

244 2443 279 2483 se
301 2422 463 2509 recipiunt
492 2421 602 2508 ibique
628 2422 805 2488 musculum
829 2423 944 2488 turrim
970 2446 1009 2487 ue
1036 2421 1210 2487 lateritiam
1234 2423 1338 2492 libere

244 2503 429 2573 incendunt.
468 2507 520 2573 lta
542 2508 717 2575 multorum
743 2510 897 2575 mensium
923 2445 1015 2574 labor
1037 2507 1174 2574 hostium
1190 2509 1337 2598 perfidia,

243 2597 280 2657 e't
306 2592 339 2658 vi
364 2607 431 2662 tem
473 2595 575 2671 statis,
603 2608 725 2685 puncto
751 2609 815 2663 tem
862 2596 904 2661 ris
933 2594 1067 2660 interiit.
1112 2595 1337 2662 'l‘entaverunt

242 2677 305 2746 lroe
320 2679 404 2747 idem
459 2680 631 2752 assilienses
652 2695 780 2772 postero
801 2619 868 2748 diii
892 2682 1045 2748 eamdem
1058 2683 1143 2748 neoti
1165 2695 1335 2772 tempesta·

241 2777 322 2843 tem,
348 2768 462 2856 majori
492 2793 566 2835 eum
592 2769 709 2835 fiducia
734 2769 776 2836 ad
804 2769 942 2834 alterum
970 2781 1093 2834 turrem
1119 2793 1335 2858 aggeremque

240 2853 413 2942 eruptione
427 2867 656 2944 pugnaverunt
676 2857 880 2943 multumque
899 2855 1006 2944 ignem
1020 2853 1211 2922 intulerunt.
1258 2857 1333 2932 Sed,

243 2950 284 3003 nt
291 2939 465 3028 superioris
477 2942 630 3031 temporis
640 2944 877 3009 contentionem
888 2942 988 3006 nostri
1001 2965 1125 3007 omnem
1138 2943 1335 3018 remiserant,

241 3023 302 3100 ita,
317 3027 456 3113 proximi
468 3026 531 3092 diei
544 3051 618 3094 casu
630 3028 796 3104 admoniti,
807 3029 910 3096 omnia
918 3027 959 3093 ad
975 3027 1189 3094 defensionem
1202 3051 1334 3118 parare-

243 3123 329 3178 rant.
375 3111 501 3202 ltaque,
516 3113 625 3180 multis
637 3115 826 3194 interfectis,
852 3115 993 3202 reliquos
1004 3113 1123 3182 infecta
1143 3115 1225 3183 rein
1239 3117 1334 3208 oppi-

242 3196 323 3264 du'rn
337 3221 374 3264 re
398 3200 540 3266 ulerunt.
762 3221 765 3226 ·

291 3285 340 3350 15.
394 3285 545 3353 rebonius
559 3311 608 3365 ea,
638 3312 710 3378 quae
726 3301 801 3356 sunt
815 3288 938 3366 amissa,
953 3286 1057 3354 multo
1079 3289 1200 3380 majore
1225 3289 1333 3356 studio

242 3370 383 3439 militum
396 3371 618 3446 administrare
638 3389 672 3442 et
691 3375 823 3442 reficere
844 3375 995 3442 instituit.
1042 3375 1139 3454 Nam,
1154 3377 1211 3444 ubi
1228 3391 1333 3444 tantos

241 3481 317 3525 suos
329 3459 456 3528 labores
468 3473 503 3527 et
512 3461 689 3552 adparatus
702 3463 785 3530 male
796 3461 943 3530 cecidisse
956 3462 1121 3540 viderunt,
1134 3463 1333 3556 induciisque

277 3633 357 3684 Anna
375 3639 490 3684 sauledo.
506 3633 559 3684 vid.
580 3637 613 3684 ad
631 3635 662 3686 Β.
684 3635 716 3686 G.
739 3639 764 3698 2,
784 3679 787 3684 .
848 3639 923 3688 Maro
934 3641 1032 3702 sagittis
1036 3640 1209 3704 promentur,
1224 3639 1332 3707 sagittis,

243 3697 285 3744 21.
304 3697 341 3746 Μ.
814 3715 911 3751 enruro
922 3703 1016 3752 missis.
1034 3705 1071 3752 M.

264 3762 310 3810 'Se
322 3762 394 3825 brar
411 3771 555 3828 mpaert.
589 3763 631 3814 sie
651 3775 677 3815 et
693 3764 764 3830 virg.
845 3768 946 3831 Mnjori.
963 3759 1015 3816 Alii
1026 3773 1173 3834 ntajorique.

241 3823 274 3873 G.
293 3827 318 3884 4,
335 3829 392 3876 ³68.
422 3827 463 3877 Cl.
484 3837 511 3878 et
534 3829 635 3894 Berger.
657 3831 689 3880 de
710 3839 763 3880 net.
847 3833 989 3896 mitaris
1014 3837 1127 3898 temporie
1153 3838 1331 3888 mationem

280 3889 327 3938 lar.
346 3900 410 3940 orat.
426 3909 453 3956 p.
477 3897 534 3944 ⁴08.
548 3895 715 3946 etDralrenb.
731 3896 764 3945 ad
812 3895 954 3960 (antiquam
974 3897 1162 3958 fortitudinem)
1182 3904 1331 3952 emiserant

262 3950 335 4002 ilium
349 3957 455 4014 izit&
812 3961 870 4074 (ff
888 3962 986 4026 aliquot
1007 3961 1081 4024 dies).
1113 3965 1151 4014 M.
1193 3963 1283 4016 Ciecc.
1304 3975 1330 4016 et

280 4019 414 4070 Tomenta
436 4018 576 4086 maur
601 4029 754 4090 conciperem
852 4025 931 4076 nisius
948 4027 1051 4076 mallent
1071 4031 1196 4093 superiori
1212 4037 1330 4096 ternpore.

243 4079 329 4144 Vulgo
339 4091 516 4154 tormentaque.
547 4089 611 4142 Edd.
628 4099 680 4141 vet.
698 4094 764 4142 acci·
811 4105 947 4156 nonopur.
973 4091 1014 4142 Sic
1031 4097 1108 4142 oto.
1127 4095 1329 4160 adapertum

238 4155 335 4214 tm·
810 4170 884 4274 ”regnu
896 4157 987 4212 mate
1000 4161 1131 4227 praermts'r
1147 4164 1265 4227 tempests
1278 4165 1331 4232 ops·-
