2909 4809
235 248 301 318 eo
539 248 611 345 'nn
633 244 785 317 annno
809 244 1028 347 crunon.

237 436 442 529 paratissimo
454 434 656 506 sustinebant
668 436 798 504 animoz
830 458 879 501 res
903 434 988 503 enim
1013 433 1190 523 gerebatur
1212 444 1249 499 et
1277 456 1337 501 ex-

229 525 323 595 celso
337 525 409 593 loco
423 536 457 591 et
469 526 502 591 in
516 536 690 613 conspeetu
704 521 865 589 exercitus
872 522 973 591 nostri
985 546 993 597 ;
1008 545 1205 611 magnusque
1217 520 1338 587 utrim-

163 613 167 625 ’
238 635 305 699 que
319 612 439 681 clamor
452 612 631 679 oriebatur.
674 610 728 675 Ita
754 632 852 697 quarn
878 610 1013 698 quisque
1042 620 1169 699 poterat
1194 607 1337 675 maxime

238 698 381 789 insignis,
397 724 464 789 quo
474 699 581 765 notior
590 697 802 785 testatiorque
811 695 989 785 virtusejus
1000 708 1093 775 esset,
1102 693 1175 761 telis
1188 692 1336 763 hostium

239 784 438 873 flammaeque
453 811 486 853 se
501 784 705 863 obferebant.

281 873 336 939 43.
360 874 468 939 Caesar
482 895 584 961 quum
598 895 669 937 corn
694 871 782 936 lures
794 892 868 937 suos
881 868 1043 937 vulnerari
1058 869 1193 945 videret,
1209 892 1250 935 ex
1262 891 1335 935 orn·

235 956 332 1025 nibus
346 959 459 1049 oppidi
479 957 628 1047 partibus
643 896 792 1025 coirortes
805 970 947 1025 montem
960 956 1150 1039 adscendere
1163 968 1211 1031 et,
1234 956 1335 1021 simn-

232 1044 354 1113 latione
382 1045 535 1111 moenium
563 1045 835 1133 occupandorum,
868 1044 1039 1111 clamorem
1068 1043 1209 1195 nndipue
1234 1042 1337 1132 jubet

233 1132 361 1197 tollere.
407 1132 483 1207 Quo
496 1131 582 1196 iacto
596 1131 764 1220 perterriti
777 1130 942 1220 oppidani,
954 1154 1067 1219 quum,
1080 1129 1138 1217 qui
1175 1142 1335 1219 ageretur

236 1217 271 1283 in
286 1218 364 1283 locis
378 1218 438 1283 reli
462 1216 523 1293 uis,
547 1230 649 1284 essent
673 1218 787 1307 ignari,
807 1242 859 1283 sus
903 1218 950 1283 nsi
976 1230 1130 1285 revocant
1149 1216 1191 1283 ab
1211 1216 1333 1317 inpug-

232 1302 347 1371 nandis
359 1326 380 1368 o
423 1242 513 1371 ιλιι
523 1316 662 1371 armatos
680 1304 845 1392 murisque
881 1305 1043 1393 isponunt.
1089 1302 1140 1369 Ita
1154 1316 1255 1369 nostrr
1265 1302 1335 1369 fine

233 1390 345 1481 proelii
366 1328 453 1457 liiceto
474 1390 622 1458 celeriter
641 1414 742 1481 opera
763 1391 888 1457 flamma
902 1390 1130 1481 comprehensa
1143 1390 1264 1493 partim
1279 1412 1334 1455 re-

235 1477 419 1566 stinguunt,
441 1479 561 1566 partim
579 1478 823 1545 interscindunt.
869 1480 980 1555 Quum
1005 1478 1214 1567 pertinacrter
1239 1476 1334 1542 resis-

233 1574 342 1631 terent
366 1564 518 1654 oppidani
534 1576 580 1643 et,
597 1566 664 1654 jam
680 1588 799 1654 magna
821 1578 914 1655 parte
930 1588 1061 1631 suorum
1082 1564 1136 1630 siti
1149 1563 1272 1637 amissa,
1294 1562 1331 1630 in

233 1650 394 1718 sententia
411 1664 648 1740 permanerent,
667 1652 708 1718 ad
728 1664 926 1741 postremum
943 1651 1099 1718 cuniculis
1120 1673 1209 1717 venae
1231 1648 1333 1715 fontis

227 1735 386 1821 intercisae
410 1751 486 1805 sunt
510 1750 611 1827 atque
634 1762 763 1805 aversae.
809 1740 884 1815 Quo
901 1739 988 1805 facto
1004 1736 1175 1803 exhaustus
1194 1747 1331 1825 repente

228 1826 379 1913 perennis
393 1826 522 1893 exaruit
535 1825 607 1895 fons
619 1837 805 1913 tantamque
818 1824 938 1891 adtulit
952 1823 1119 1914 oppidanis
1132 1824 1244 1895 salutis
1256 1822 1330 1889 des-

226 1911 441 1999 perationem,
462 1924 501 1999 ut
519 1912 552 1978 id
571 1936 636 1978 non
648 1912 812 1977 hominnm
826 1912 969 1986 consilio,
985 1912 1038 1975 sed
1052 1912 1198 1976 Deorum
1214 1908 1329 1976 volun-

225 2008 296 2151 Ξὲιι
317 1999 442 2067 factum
461 2010 626 2087 putarent.
672 1996 800 2087 Itaque,
825 1996 1011 2063 necessitate
1029 1996 1144 2072 coacti,
1167 2020 1200 2063 se
1225 2008 1328 2063 trans-

251 2084 258 2099 '
282 2097 389 2151 erunt.

268 2172 323 2237 44.
350 2172 469 2247 Caesar,
485 2173 587 2258 qu'um
601 2194 691 2235 snam
704 2168 870 2236 lenitatem
881 2167 1043 2258 cognitam
1055 2168 1202 2236 omnibus
1216 2170 1327 2249 sciret,

224 2278 329 2358 neque
340 2270 520 2333 vereretur,
529 2281 568 2321 ne
580 2256 659 2344 quid
670 2257 860 2322 crudelitate
872 2268 996 2322 natura
1008 2255 1172 2323 videretur
1180 2258 1326 2347 asperius

221 2341 343 2420 fecrsse‚
373 2366 478 2444 neque
504 2342 627 2409 exitum
653 2344 860 2411 consiliorum
888 2366 1019 2409 suornm
1040 2344 1184 2409 animum
1207 2344 1324 2431 adver-

223 2440 322 2505 teret,
338 2427 365 2494 si
378 2430 437 2495 talr
452 2430 575 2495 ratione
589 2429 723 2495 diversis
742 2431 775 2496 in
799 2429 876 2496 locis
918 2429 1003 2496 lures
1017 2429 1175 2496 rebellare
1190 2432 1324 2498 consilia

220 2514 373 2592 inissem
402 2517 550 2604 exemplo
564 2516 715 2605 subplicii
731 2453 942 2607 deterrendds
958 2516 1100 2604 reliquos
1114 2516 1320 2585 existimavit.

221 2600 339 2691 Itaque
362 2604 522 2680 omnibus,
544 2604 602 2691 qni
616 2626 707 2669 arma
721 2604 874 2680 tulerant,
896 2626 1007 2671 manus
1028 2602 1196 2692 praeeidit3
1221 2606 1321 2673 vitam

221 2691 389 2768 concessit,
405 2714 475 2779 ¹quo
494 2691 643 2757 testatior
665 2702 747 2757 esset
767 2713 863 2779 poena
887 2689 1111 2779 inproborum.
1158 2692 1253 2781 Drap
1311 2742 1322 2771 ‚

220 2798 318 2863 quem
333 2790 466 2866 captum
476 2802 541 2844 esse
553 2802 573 2844 a
586 2778 722 2843 Caninio
731 2777 840 2854 docui,
853 2776 919 2844 sive
932 2776 1151 2866 indignatione
1161 2790 1197 2844 et
1207 2716 1322 2847 doiii'e

220 2862 437 2940 vinculorum,
453 2866 518 2930 sive
534 2866 651 2931 timore
668 2865 825 2953 gravioris
838 2864 900 2929 sub
925 2864 1002 2943 licii,
1023 2864 1134 2953 paucis
1154 2864 1270 2934 diebus
1286 2892 1320 2933 se

220 2948 296 3017 cibo
308 2950 466 3018 absunuit
476 2964 575 3038 atque
590 2952 636 3017 ita
650 2952 785 3017 interiit.
836 2888 960 3018 Eodim
973 2964 1121 3040 tempore
1134 2949 1319 3029 Lucterius,

219 3036 519 3191 quem-profligisse
539 3062 579 3103 ex
600 3038 717 3126 proelio
738 3038 861 3127 scripsi,
886 3062 988 3126 quum
1009 3038 1042 3103 in
1053 3050 1253 3189 potestatem
1267 3064 1321 3106 ve·

219 3124 318 3191 nisset
417 3122 502 3189 nacti
518 3124 671 3202 Arverni,
693 3126 823 3210 (crebro
845 3126 929 3191 enim
943 3135 1054 3191 mutan
1078 3124 1104 3190 is
1125 3124 1216 3202 locis,
1239 3128 1323 3195 rnul-

221 3223 331 3281 tornm
344 3146 422 3278 lirllldi
435 3235 470 3279 se
483 3212 719 3289 committebat,
740 3212 831 3301 quod
850 3235 1009 3301 nusquam
1020 3211 1145 3279 diutius
1157 3212 1225 3279 sine
1238 3215 1323 3305 peri-

254 3436 691 3504 Itaquomqm'aque.alii1tautq.
830 3436 1114 3489 Reddererrtdelendum
1122 3434 1317 3501 est,qniaabert

253 3502 595 3567 lamoniam.
611 3504 739 3563 idemest,
794 3516 811 3551 a
823 3502 950 3567 plerisque
959 3502 1034 3551 codd.
1051 3504 1091 3551 Μ.
1127 3546 1129 3551 .

217 3577 248 3620 ut
264 3568 287 3619 si
302 3568 423 3628 disicet,
436 3582 522 3617 versus
539 3578 630 3617 omnes
647 3566 739 3633 oppidi
832 3571 1128 3632 numnquam.
1144 3566 1208 3631 leg.
1217 3584 1315 3633 noym

217 3641 311 3699 partes.
330 3635 367 3683 Μ.
479 3661 483 3671 ·
793 3638 868 3685 αιίιιιι
876 3640 958 3696 parte.
991 3630 1032 3681 Sic
1044 3632 1161 3696 plerique
1170 3634 1247 3683 codd.
1265 3636 1303 3683 Π.

253 3700 382 3764 dum
396 3696 479 3757 dubii,
495 3695 648 3747 Ιυιιίίιιιίιιι.
680 3696 738 3746 Non
827 3698 1314 3772 Eundtsom.'.t'lemrtrtt,quodvplgo

216 3761 656 3877 mmmilpmyfflpm’
668 3764 738 3839 qpod
793 3764 875 3879 geedst,
893 3779 908 3811 e
929 3761 1005 3813 codd.
1018 3771 1044 3812 et
1057 3762 1118 3811 edd.
1133 3770 1183 3813 ret.
1203 3763 1315 3815 restrtuit

262 3843 345 3878 raernn
365 3845 385 3877 ιι
428 3844 455 3877 ιιι
606 3844 632 3877 m
647 3844 665 3877 o
684 3842 739 3876 rna·
819 3845 861 3879 ιι.

114 3946 119 3959 1
216 3841 736 3956 mmugeoe'ilotnemnr.⁰⁸dumiatit
769 3949 773 3957 ¹
827 3893 1119 3944 Retuomutatsuour.
1153 3890 1248 3957 Vulgo,
1262 3896 1313 3943 nt.

217 3955 329 4007 omisere
340 3957 572 4022 verbnmsorpmt.
589 3958 627 4007 Μ.
792 3962 922 4024 apim.
949 3960 987 4007 Π.
1028 3956 1190 4007 Corrstructio
1211 3968 1314 4023 receptu

251 4022 309 4071 Stare
316 4022 481 4087 perdilecto.
505 4021 563 4071 Hoc
574 4037 607 4071 ne
617 4022 736 4072 latinum
792 4022 927 4073 familiaris
935 4030 973 4073 est
983 4020 1078 4073 Hirtio.
1094 4022 1134 4072 Cf.
1144 4038 1169 4072 c.
1180 4025 1222 4073 ⁴2.
1238 4024 1312 4087 Aio,

250 4084 317 4137 idem
327 4095 382 4137 este
403 4085 736 4153 chalcedonium
784 4091 833 4151 ,78.

116 4175 125 4193 ·
209 4104 580 4283 {wolziligoelprnfppom
595 4153 633 4203 Μ.
665 4154 735 4218 lego
826 4154 1006 4219 ardumum.
1021 4154 1224 4226 aldeam,
