2909 4809
222 219 290 296 424
400 222 444 289 A.
468 218 622 292 HIRTII
644 219 707 291 DE
730 219 883 292 BELLO
905 219 1150 296 ALEXAND.

225 409 377 503 conquiri
396 422 432 478 et
452 410 656 480 frumentum
675 411 763 480 mitti
780 413 965 503 auxiliaque
984 408 1103 478 adduci
1121 407 1227 501 jubet.
1273 409 1335 478 ln·

223 499 321 567 terim
346 498 539 566 munitiones
563 497 709 588 quotidie
732 501 885 590 operibus
908 511 1071 590 augentur
1095 509 1195 586 atque
1219 519 1336 566 omnes

224 586 340 678 oppidi
355 597 477 676 partes,
490 611 563 676 quae
576 587 682 654 minus
694 587 796 656 firmae
810 613 876 655 esse
890 586 1092 662 viderentur,
1107 585 1332 653 testudinibus

223 687 326 762 atque
345 674 498 740 musculis
511 685 688 764 aptantur:
719 699 760 742 ex
774 675 913 744 aedificiis
924 685 1033 740 autern
1048 695 1108 762 per
1122 673 1280 739 foramina
1297 672 1334 740 in

204 776 208 784 “
251 762 375 828 roxima
389 760 521 830 aedificia
538 760 653 828 arietes
671 763 892 842 imittuntur,
916 773 1135 851 quantumque
1152 771 1212 826 aut
1224 759 1334 826 ruinis

224 785 388 937 dejicitur,
413 859 471 914 aut
539 871 557 914 r
576 851 643 914 vim
666 850 825 940 recipitur
846 850 919 928 loci,
936 849 970 916 in
988 857 1114 914 tantum
1134 846 1334 914 munitiones

226 935 452 1038 proferuntur.
533 958 585 1001 am
597 937 745 1004 incendio
758 938 827 1024 fere
841 951 914 1004 tuta
930 948 980 1002 est
1004 934 1213 1012 Alexandria,
1229 934 1330 1026 'quod

224 1045 292 1090 sune
304 1021 545 1112 contignatione
559 1044 599 1089 ac
612 1025 748 1090 materia
760 1035 836 1092 sunt
849 1023 983 1092 aedificia
996 1033 1030 1088 et
1042 1021 1212 1088 structuris
1224 1034 1332 1110 atque

113 1107 117 1114 ’
218 1109 400 1177 -fornicibus
421 1109 626 1177 continentur
646 1123 800 1200 tectaque
820 1124 897 1181 sunt
917 1111 1033 1178 rudere
1048 1122 1108 1176 aut
1121 1108 1330 1198 pavimentis.

225 1197 336 1263 Oaesar
361 1197 496 1262 maxime
523 1191 688 1274 studebat,
702 1212 768 1274 nt,
797 1221 896 1286 quam
986 1195 1176 1262 ustisimam
1199 1207 1331 1283 partem

224 1282 341 1386 oppidi
365 1281 461 1369 palus
484 1307 504 1348 a
525 1283 659 1350 meridie
682 1284 852 1376 interjecta
874 1285 974 1352 efficie
1018 1294 1045 1360 t,
1072 1281 1153 1348 hano
1172 1282 1332 1372 operibus

227 1369 392 1456 vineisque
413 1367 547 1472 agendis
566 1371 610 1438 ab
630 1372 758 1460 reliqua
771 1385 871 1462 parte
892 1371 984 1438 urbis
1004 1369 1212 1446 excluderet3
1243 1370 1331 1436 illud

226 1467 387 1547 spectans,
403 1480 555 1546 prrmum,
569 1469 622 1534 ut,
636 1482 739 1547 quum
751 1471 833 1524 esset
848 1459 882 1524 in
895 1456 976 1524 duas
991 1467 1102 1546 partes
1117 1457 1196 1523 urbs
1209 1454 1329 1532 divin,

224 1545 309 1611 acies
323 1565 388 1610 uno
403 1544 535 1611 oonsilio
548 1555 649 1648 atque
662 1545 797 1635 imperio
810 1545 1107 1620 administraretur;
1137 1543 1266 1618 deinde,
1289 1555 1330 1610 ut

223 1630 448 1700 laborantibus
461 1655 606 1698 succurri
619 1645 719 1722 atque
733 1656 775 1699 ex
794 1632 897 1698 altera
917 1655 961 1721 op
985 1631 1031 1698 idi
1053 1641 1148 1720 parte
1168 1629 1329 1697 auxilium

224 1718 304 1785 ferri
318 1729 443 1808 posset3
474 1719 508 1783 in
523 1719 634 1808 primis
646 1741 737 1794 vero,
759 1729 798 1784 ut
814 1741 900 1806 aqua
914 1655 1104 1810 pabuloque
1118 1717 1325 1784 abundaret:

249 1805 513 1872 uarumalterius
532 1805 578 1871 rei
597 1806 723 1896 copiam
736 1806 897 1896 exiguam,
912 1806 1046 1872 alterius
1060 1804 1182 1872 nullam
1198 1804 1330 1872 omnino

225 1829 416 1958 lacultatem
434 1891 598 1959 habebat:
632 1892 723 1982 quod
750 1905 927 1981 utrumque
949 1893 1043 1984 palus
1065 1891 1156 1981 large
1182 1892 1329 1981 prebere

155 2021 161 2032 ι
230 1989 373 2068 poterat.
877 2049 882 2068 Ι

208 2091 212 2097 ’
271 2065 304 2132 2.
330 2065 450 2153 Neque
464 2087 542 2132 vero
558 2063 781 2134 Alexandrinis
795 2066 829 2132 in
843 2062 991 2169 gerendis
1007 2065 1145 2154 negotiis
1163 2064 1330 2132 cunctatio

228 2150 376 2227 ullaaut
392 2175 486 2218 mora
502 2151 723 2219 inferebatur:
756 2177 877 2220 nomm
895 2175 1004 2220 omnes
1024 2163 1146 2242 partes,
1165 2174 1225 2255 per
1247 2176 1329 2240 quas

226 2239 305 2306 fines
319 2238 361 2303 Ε
431 2238 469 2302 tii
483 2235 701 2328 Regnumque
715 2242 868 2342 pertinet,
885 2240 1009 2328 legatos
1031 2241 1329 2329 conquisitomque

145 2342 153 2355 ⁸
229 2324 368 2391 dilectus
415 2325 530 2390 abeudi
553 2348 663 2391 caussa
684 2339 848 2405 miserant,
871 2349 1090 2418 magnumque
1110 2348 1281 2392 numerum
1295 2327 1344 2392 in·

207 2418 211 2428 “
231 2411 391 2500 oppidum
414 2410 556 2488 telorum
577 2424 679 2500 atque
701 2426 937 2482 tormentorum
954 2426 1168 2480 convexerant
1186 2425 1221 2478 et
1235 2411 1328 2478 innu-

230 2496 419 2564 merabilem
437 2497 681 2566 multitudinem
701 2500 918 2570 adduxerant.
953 2501 1036 2580 ,Nec
1055 2499 1159 2566 minus
1185 2499 1219 2566 in
1244 2501 1331 2566 urbe

228 2584 375 2651 maximae
387 2607 552 2653 armorum
565 2600 659 2654 erant
674 2587 830 2658 institutae
843 2587 987 2656 officinae.
1033 2587 1151 2654 Servos
1172 2599 1330 2676 praeterea

229 2671 371 2761 puberes
398 2686 613 2752 armaverant,
648 2676 768 2763 quibus
796 2675 919 2744 domini
947 2675 1020 2742 locu
1046 2674 1176 2742 letiores
1203 2673 1327 2740 victum

227 2757 456 2848 quotidianum
481 2762 743 2852 stipendiumque
765 2763 965 2855 praebebant.
1055 2785 1094 2828 ac
1119 2761 1326 2829 multitudine

179 2996 183 3021 t
264 2971 418 3022 limones
444 2980 580 3038 capenae,
612 2979 643 3020 ot
669 2987 753 3038 nuper
806 2975 878 3026 Hauc
891 2987 997 3024 masam
1010 2971 1137 3039 paviendo
1151 2971 1327 3034 consolidrat3

234 3043 350 3100 coeptum
359 3043 421 3085 erat.
430 3036 485 3086 vid.
496 3037 527 3085 B.
538 3036 570 3085 C.
583 3039 608 3097 3,
622 3040 677 3086 112.
693 3039 733 3087 Μ.
806 3040 842 3090 ita
852 3041 1000 3090 tlterudere
1014 3039 1196 3104 pavimentum.
1228 3037 1326 3088 Exhac

181 3107 190 3125 ⁸
267 3103 404 3165 Aptaratuer,
418 3108 448 3149 ut
464 3100 502 3150 ibi
519 3116 575 3150 ene
589 3101 688 3166 possint
700 3119 756 3152 raa-
805 3121 867 3170 ergo
876 3103 1326 3156 manaoonsolidatatueruntaedium

232 3165 327 3223 chinon,
346 3174 423 3229 utque
439 3165 631 3216 firmioresesse
651 3168 757 3232 possint.
805 3179 880 3220 tecta.
905 3169 1112 3220 causulas.
1146 3169 1248 3218 Vitruv.
1265 3171 1289 3229 7,
1303 3171 1324 3217 1.

234 3233 273 3280 Μ.
306 3230 579 3302 Nouergooposopm
589 3231 678 3296 lipsio
697 3235 755 3283 Pol.
804 3233 1323 3286 &mmsloaoaGmmmsinTbu-LL.

235 3299 259 3355 l,
276 3297 450 3408 tieemendare
468 3301 622 3362 quatiantur
635 3298 677 3347 vel
692 3297 756 3363 quid
805 3300 997 3366 diligentissime
1007 3300 1127 3364 conlegit.
1143 3301 1182 3352 Μ.
1214 3297 1322 3348 0111111-

233 3359 291 3411 simi
319 3395 327 3410 .
804 3367 878 3416 lad!
903 3369 927 3415 9.
1295 3375 1299 3382 “

268 3421 396 3500 nesam
412 3423 432 3474 i.
441 3440 465 3476 ε.
482 3424 508 3476 n
524 3425 642 3477 incense
657 3429 699 3478 ver
719 3427 756 3478 ss
838 3401 965 3496 mna.
982 3429 1185 3496 venonam.
1195 3428 1322 3478 sermm

233 3489 361 3541 incendio.
803 3503 830 3545 et
840 3497 897 3546 edd.
913 3505 963 3546 vet.
978 3504 1130 3560 mammons,
1139 3494 1205 3544 unde
1215 3493 1319 3544 Ursinus

267 3557 424 3619 &namatio
434 3571 466 3607 aa
476 3561 593 3618 matario,
602 3557 756 3624 contignatae
804 3562 1000 3626 benespeotoas,
1010 3569 1039 3609 ut
1048 3560 1080 3609 C.
1091 3565 1116 3618 3,
1128 3563 1169 3607 8⁵.

231 3620 325 3670 trabes.
342 3621 380 3681 M,
838 3629 914 3676 Firma
932 3627 1048 3702 AEpypais'
1070 3627 1246 3688 Remoramne,
1263 3623 1324 3692 lines

267 3689 405 3736 sanam
421 3693 445 3738 et
458 3687 579 3752 mm,
595 3687 683 3737 structi
704 3689 755 3740 lon
806 3690 888 3754 Regni
898 3691 1020 3754 Egyptir.
1037 3689 1078 3738 Μ.
1111 3687 1164 3738 Alii
1176 3689 1291 3754 AEqyptr

231 3749 313 3800 nicea.
331 3751 369 3800 Μ.
837 3759 956 3806 Persam.
977 3754 1046 3804 Bene
1056 3753 1102 3806 sic.
1119 3753 1156 3803 Ita
1166 3761 1193 3804 et
1203 3753 1234 3803 G.
1245 3759 1270 3812 4,
1283 3757 1320 3804 11.

265 3817 366 3866 Radere
382 3823 429 3867 out
444 3816 497 3880 (aa,
518 3818 576 3874 ἀὲ)
593 3820 753 3882 possessa,
802 3822 876 3872 codd.
887 3820 1100 3884 quidamfecitrat,
1110 3815 1156 3867 ubi
1166 3819 1318 3884 vulgcsscr'a-

231 3881 653 3948 rudere,quodestpevimeutum,
668 3898 684 3930 e
699 3899 752 3946 quo
800 3893 863 3937 sent.
895 3883 1153 3944 Ct'.not.st.l,2.

230 3946 259 3994 sst
280 3945 464 4008 pavimentum.
512 3948 602 3998 Rudas
628 3947 753 4012 significat
792 3993 795 3999 .
836 3953 1053 4001 [saumatam
1070 3949 1257 3999 commedisset
1276 3948 1321 3998 ho·

229 4009 753 4077 testas,lapillos,aliamquesrenosamet
800 4016 907 4076 minum,
928 4031 974 4066 seu
996 4015 1117 4068 militum.
1141 4015 1155 4044 1⁸
1171 4013 1319 4064 Monuemot

228 4075 368 4139 glareosum
384 4075 516 4128 materiam
533 4078 673 4138 concisam,
689 4094 751 4128 con·
797 4079 952 4132 Ciacconius
961 4089 988 4131 et
998 4079 1126 4131 Davisius.
1144 4081 1181 4130 M.

227 4149 321 4199 tusam,
331 4142 534 4217 comminutam,
558 4159 616 4207 quas
635 4143 706 4194 calce
724 4152 752 4194 et
834 4149 894 4198 Huc
909 4148 1072 4208 mutatam
1087 4159 1175 4196 recem
1190 4145 1318 4196 conlecta:

226 4219 292 4271 aqua
319 4205 408 4276 adfusa
434 4215 553 4260 nuscetur
578 4209 606 4262 in
631 4223 750 4264 mamm.
798 4210 1098 4280 obpouunturveteraais
1108 4209 1265 4266 cohonibas·
1280 4211 1317 4280 ἕ·
