2909 4809
144 246 223 379 'a
442 394 443 399 Ν
511 260 518 279 “
618 303 884 418 rnnnsrro.

196 494 442 562 intercesserant
463 491 506 561 de
529 479 653 562 Cema
680 494 766 570 lites,
796 506 860 559 non
882 491 1125 582 prater-eundae
1139 490 1305 557 existimo.

201 608 332 699 Scilicet
362 608 620 673 Gurscnssoos
655 606 819 673 occasione
849 600 1048 672 celeberrimi
1075 605 1183 695 operis
1212 604 1305 671 Cn.

114 796 116 807 Ι
200 720 360 788 Fossam
378 694 518 807 Equitio,
532 708 787 807 quo'Polybium
801 718 861 784 sibi
877 729 1034 782 sumserat
1054 713 1306 788 inlustrandum,

202 830 348 901 ediderat
365 842 387 875 “
401 828 574 899 Memoires
589 826 833 897 militaires'des
849 829 954 895 Grecs
973 841 1008 893 at
1026 828 1084 892 des
1098 824 1309 891 Romaim-

152 1005 158 1011 .
204 938 247 1013 ob
262 948 328 1013 l'on
343 946 451 1011 releve
473 945 518 1011 les
532 963 660 1010 emeurs
672 944 713 1027 de
729 943 852 1012 Foiard
872 953 907 1007 et
921 954 1041 1021 autres,
1061 960 1141 1006 avec
1153 934 1309 1027 l’anaiyss

203 1058 244 1125 ds
273 1051 305 1124 ia
330 1078 505 1148 campagus
533 1057 574 1121 de
600 1054 635 1121 J.
660 1058 760 1121 Cesar
783 1078 823 1120 en
847 1054 1046 1143 Afrique*.”
1091 1052 1215 1143 Contra
1237 1048 1310 1139 ejus

204 1169 403 1237 adsertiones
417 1161 596 1259 publicavit
611 1182 634 1211 ‘¹
648 1170 678 1235 le
695 1165 798 1236 Chev.
816 1169 981 1267 Lo-Loon
1003 1163 1206 1231 Recherches
1221 1164 1311 1229 d’an·

203 1272 341 1371 tiquites
353 1281 517 1348 militaires
529 1303 608 1349 aveo
628 1283 659 1349 la
675 1282 808 1348 defenso
822 1280 867 1346 du
883 1279 987 1345 Cher.
1005 1276 1123 1343 Folard
1136 1287 1248 1343 contre
1261 1276 1312 1339 les

206 1384 398 1483 tilegntions
411 1393 546 1461 insbrtes
562 1395 642 1460 dans
656 1396 702 1459 les
715 1396 884 1459 memoires
896 1388 1062 1461 militaircs
1077 1412 1132 1453 sur
1144 1384 1191 1452 les
1206 1388 1312 1451 Graes

206 1514 241 1571 st
267 1507 315 1571 les
342 1506 524 1573 Romains.”
570 1507 624 1573 Ad
653 1509 720 1573 haec
751 1502 920 1595 respondit·
945 1506 1064 1570 iterum
1092 1503 1307 1567 Gorsoussn

188 1627 230 1669 '⁶‘
246 1612 326 1683 dans
347 1637 397 1682 ses
425 1610 596 1684 thoires
618 1618 774 1705 critiqucs
796 1612 830 1682 et
850 1616 1047 1703 historiques
1069 1636 1125 1679 sur
1150 1613 1312 1701 plusieurs

207 1730 317 1819 points
339 1722 547 1817 d’antiquitts
569 1726 800 1814 militaircs†.'’
844 1728 911 1794 Sed
938 1751 996 1793 neo
1018 1728 1063 1793 sic
1087 1722 1314 1792 controversia

162 1884 167 1889 .
206 1828 278 1905 nnis
292 1834 366 1904 nn.
396 1840 561 1927 negato
585 1841 669 1905 enm
688 1841 807 1905 iterum
830 1840 884 1906 ns
903 1823 1056 1904 nauus
1079 1836 1252 1929 “nerum
1267 1832 1314 1898 tu

104 1967 110 1973 ·
205 1934 318 2017 Cher.
328 1950 370 2015 de
386 1950 505 2016 Folard
520 1964 632 2016 contre
648 1952 694 2017 lea
705 1951 872 2017 nouvelles
886 1946 1031 2039 opinions
1047 1968 1102 2015 sur
1116 1948 1149 2013 la
1161 1943 1314 2013 methone

195 2057 265 2122 ties
279 2058 416 2134 enciens,
432 2071 495 2122 eto.
507 2094 552 2111 -
562 2081 640 2125 avec
655 2083 717 2127 une
733 2060 929 2149 explication
943 2060 989 2124 tiu
1001 2057 1212 2126 meclmnisme
1225 2054 1266 2121 de
1280 2051 1315 2119 is

89 2180 100 2203 ‘
195 2181 285 2269 ¹tour
306 2173 547 2238 construiteaeau
568 2176 652 2261 siege
676 2175 717 2239 de
741 2176 907 2241 Marseiile
932 2197 991 2265 par
1014 2176 1060 2239 les
1083 2173 1246 2247 Romaim,
1265 2166 1315 2235 dn

205 2285 322 2352 blocos
335 2286 489 2362 d'Alesia
507 2284 594 2353 dela
610 2288 742 2355 bataille
763 2289 804 2354 de
820 2292 918 2357 Cesar
932 2299 1044 2355 contre
1060 2287 1232 2365 Labienus,
1248 2296 1313 2351 eto·

208 2400 354 2489 opposee
379 2418 443 2461 aux
467 2396 641 2463 Memoires
668 2398 823 2487 critiques
846 2401 887 2465 de
911 2401 959 2466 M.
986 2396 1226 2483 Guischardtss’
1275 2395 1315 2460 ln

202 2510 271 2575 'hac
287 2508 402 2574 horum
415 2508 559 2574 virorum
574 2508 632 2574 lite
647 2522 791 2575 meretur
808 2509 1008 2599 potissimum
1022 2510 1155 2577 adtendi
1169 2508 1315 2597 qoaestio,
1334 2576 1348 2589 ,

205 2630 279 2714 'quo
301 2635 448 2715 ternpore
471 2626 578 2691 Gaesar
600 2627 843 2692 commentarios
866 2650 940 2693 suos
961 2626 1136 2716 scripserit.
1183 2624 1317 2690 Scilicet

211 2734 272 2801 cel.
298 2732 438 2802 Purser
464 2736 754 2805 D’Annsuoooor
778 2750 911 2828 putarat
930 2739 1052 2806 factum
1073 2740 1107 2804 id
1122 2762 1188 2805 esse
1203 2735 1316 2827 quavis

181 2858 363 2937 ''vespera3
397 2847 656 2913 Gotscnnsoos
683 2849 768 2915 oir‘ca
791 2848 886 2916 finem
911 2851 1111 2941 singulorum
1131 2851 1314 2924 bellorumt

146 3011 163 3017 ..
207 2956 382 3025 'Lo-Loon
405 2958 537 3023 demum
563 2972 637 3051 post
655 2960 761 3028 omnia
780 2961 865 3030 bella
880 2962 980 3030 finita.
1029 2964 1122 3031 Hanc
1136 2965 1319 3053 opinionem

140 3118 142 3126 ·
211 3067 371 3159 refittavit
387 3072 648 3137 Gorscnssoos
676 3072 709 3138 in
724 3074 786 3139 fine
803 3088 825 3116 ‘⁴
837 3075 895 3141 des
911 3074 1010 3142 Mem.
1026 3077 1121 3144 crit.”
1144 3100 1177 3165 p.
1194 3076 1256 3140 539
1277 3092 1317 3140 ex

212 3182 393 3248 rationibus
408 3180 626 3270 sequentibus.
665 3184 696 3271 l)
720 3184 854 3278 Crcsno
871 3184 903 3250 in
920 3198 943 3227 ‘⁴
958 3187 1096 3264 Bruto,’'
1111 3187 1231 3277 scripto
1243 3198 1318 3254 ante

208 3291 337 3375 'bellom
352 3290 445 3359 civile
465 3293 519 3361 rei
534 3292 603 3383 ejus
618 3292 727 3371 initio,
753 3292 818 3383 jam
841 3296 987 3386 loquitur
1009 3299 1050 3366 de
1073 3298 1318 3366 Commentariis

216 3399 362 3481 Caesario,
380 3423 407 3472 c.
427 3407 481 3485 75,
503 3432 585 3497 quos
600 3402 731 3499 inpense
745 3406 875 3501 laudan
911 3413 947 3499 2)
970 3412 1007 3478 Si
1023 3414 1129 3482 Cacsar
1142 3410 1320 3504 scripsisset

209 3513 474 3583 'Commentarios
490 3530 566 3607 post
580 3518 703 3585 bellum
719 3519 813 3585 civile
827 3515 967 3598 finitum,
987 3541 1050 3587 non
1065 3521 1189 3589 adesset
1202 3520 1320 3588 lacuna

73 3664 80 3678 ·
218 3626 291 3696 inde
311 3652 332 3716 a
356 3628 394 3693 L.
410 3630 442 3705 7,
465 3630 507 3694 de
529 3629 616 3695 bello
638 3631 777 3710 Gallico,
799 3653 871 3720 quae
895 3630 1007 3700 suisset
1028 3635 1071 3700 ab
1092 3632 1228 3701 Hrnrro
1243 3633 1320 3735 snb·

216 3730 344 3833 pianda.
392 3733 424 3808 Is
437 3756 548 3808 autem
562 3738 710 3832 loquitur
726 3742 823 3810 etiam
838 3741 879 3811 de
892 3742 985 3812 libris
999 3746 1134 3814 Caesaris
1147 3744 1321 3835 superiori-

135 3955 138 3963 *
207 3847 280 3921 'bus
307 3867 340 3921 et
365 3852 618 3943 insequentibus.
661 3858 697 3944 3)
720 3856 792 3924 Nec
817 3869 867 3959 sat
890 3857 988 3949 spatii
1013 3860 1176 3927 habuisset
1200 3862 1320 3939 ΟΜ,

255 4074 272 4107 ·
290 4057 430 4133 transit
442 4074 466 4119 s.
485 4074 556 4123 mse.
573 4079 588 4121 s
603 4073 662 4123 vor.
673 4082 698 4123 et
710 4072 725 4123 t
737 4075 807 4138 syon
819 4079 843 4125 a.
865 4078 936 4126 noo.
951 4081 966 4127 4
980 4075 1039 4128 vol.
1051 4074 1189 4129 eruribus

253 4156 270 4203 t
292 4145 410 4199 Achlin
422 4152 447 4199 t.
468 4150 539 4203 lm.
561 4153 570 4198 1
585 4150 645 4199 Vol.
657 4160 683 4201 et
692 4156 718 4201 8.
736 4156 751 4201 4
765 4151 825 4201 v01.
922 4199 926 4206 ,
1249 4168 1256 4177 “

252 4232 267 4292 1
290 4228 311 4277 Α
323 4221 443 4280 Bouillou
454 4226 478 4273 8.
498 4224 569 4272 1776.
