2909 4809
488 277 705 346 masone.
725 281 869 358 ‹re-45.
1104 257 1107 266 ’
1169 282 1233 353 501

124 459 293 538 Allienus,
308 461 404 529 ‘navis
426 483 503 543 nna,
513 465 554 531 in
593 477 641 530 'ua
654 465 762 534 fuerat
777 468 818 544 Q.
837 465 1002 535 Cominius
1014 481 1049 536 et
1064 467 1103 536 L.
1120 469 1236 541 Ticida

124 549 241 637 Eques
256 549 434 626 Romanus,
447 552 490 619 ab
504 487 632 618 residua
647 554 745 620 classe
762 579 863 644 quum
877 555 1049 621 erravisset
1061 557 1234 648 deletaque

124 647 214 702 esset
234 649 333 704 vento
347 639 389 705 ed
403 638 565 728 Thapson,
584 663 605 705 a
619 639 759 731 Virgilio
772 641 896 732 scaphis
910 640 1126 731 naviculisque
1139 659 1232 714 actu·
1265 697 1269 702 -

124 722 205 788 ariis
218 737 355 814 excepta
368 737 417 791 est
435 727 524 794 etad
541 727 724 816 Scipionem
735 728 889 795 deducta.
934 728 1019 794 Item
1029 729 1132 798 altera
1143 735 1234 803 navis

125 809 237 876 trieris
255 835 296 876 ex
316 813 427 879 eadem
445 813 556 891 classe,
576 815 759 882 errabunda
773 839 811 882 ao
825 825 1017 906 tempestate
1030 816 1073 882 ad
1085 819 1232 908 AEgimu·

125 917 203 962 rum
224 897 344 976 delata,
365 923 385 965 a
408 901 506 966 classe
529 902 610 968 Vari
627 913 661 967 et
684 903 734 968 M.
761 903 891 970 Octavii
913 916 963 970 est
985 913 1094 991 capta,
1116 906 1149 971 in

122 983 245 1050 milites
255 988 399 1053 veterani
413 1011 488 1054 cum
509 1010 575 1056 uno
596 990 794 1057 centurione
815 1002 850 1056 et
868 989 1014 1056 nonnulli
1028 991 1148 1056 tirones
1162 927 1231 1059 lire-

124 1083 224 1136 runt:
250 1096 333 1161 quos
352 1074 475 1152 ·Varus,
498 1075 684 1142 adservatoe
708 1078 775 1142 sine
798 1076 1005 1152 contumelia,
1027 1074 1232 1148 deducendos

124 1159 255 1224 curavit
269 1160 312 1225 ad
330 1161 525 1250 Scipionem.
571 1163 638 1240 Qui
660 1177 832 1266 postquam
855 1165 989 1230 adeum
1012 1179 1246 1253 pervenerunt,

124 1257 249 1312 etante
270 1263 459 1335 suggestum
477 1251 546 1340 ejus
568 1262 797 1328 constiterunt,
821 1257 842 1293 “
856 1251 933 1318 Non
947 1255 1090 1328 vestra,'’·
1113 1249 1232 1340 inquit,

126 1340 152 1372 “
167 1348 286 1422 sponte
296 1357 365 1413 vos,
381 1348 469 1401 certe
483 1339 559 1414 scio,
574 1335 632 1402 sed
646 1337 733 1404 illius
746 1339 894 1406 scelerati
910 1338 1010 1404 vestri
1022 1337 1233 1428 Imperatoris

125 1422 211 1486 “im
237 1422 310 1488 ulsu
333 1434 367 1488 et
392 1423 536 1513 imperio,
552 1435 692 1502 coactos,
715 1426 800 1492 cives
825 1437 859 1492 et
887 1427 1047 1515 optimum
1069 1449 1166 1513 quem
1189 1451 1231 1495 ue

126 1515 152 1548 “
165 1445 288 1574 neliirie
301 1511 491 1576 consectari.
537 1511 628 1588 Quos
639 1513 793 1601 quoniam
813 1513 945 1579 fortuna
965 1513 998 1578 in
1018 1525 1159 1580 nostram
1167 1451 1232 1580 tde-

126 1603 152 1636 “
168 1596 247 1661 tulit
258 1606 466 1684 potestatem,
480 1598 520 1678 si,
543 1598 578 1664 id
601 1601 690 1686 quod
710 1599 816 1666 facere
830 1599 965 1676 debetis,
981 1599 1234 1688 Rempublicam

125 1692 151 1724 “
165 1706 239 1748 cum
254 1685 380 1785 optimo
395 1709 526 1775 quoque
540 1686 730 1764 defendetis,
745 1701 870 1754 certum
882 1697 942 1767 est,
965 1687 1056 1752 vobis
1072 1687 1173 1753 vitam
1194 1700 1231 1756 et

125 1781 149 1812 ‘⁶
166 1793 333 1887 Pi⁰¹l¹¹2³m
356 1771 486 1840 donare.
534 1775 753 1864 Quapropter,
777 1775 857 1864 quid
877 1773 1035 1852 sentiatis,
1062 1773 1231 1864 proloqui·

123 1863 264 1922 “m1n1.’

168 1946 223 2010 45.
249 1945 321 2012 Hac
343 1943 457 2014 habita
479 1950 637 2025 oratione,
661 1948 784 2038 Scipio,
806 1970 907 2050 quum
921 1946 1144 2037 existimasset,
1166 1971 1230 2038 pro

124 2057 183 2099 suo
197 2033 351 2102 beneficio
369 2037 436 2101 sine
450 2034 553 2101 dubio
564 2036 607 2103 ab
620 2037 658 2102 iis
672 2037 792 2124 gratias
805 2035 868 2103 srbi
882 2047 993 2101 actum
1012 2035 1065 2114 iri,
1086 2049 1230 2125 potesta·

127 2133 195 2186 tem
218 2121 258 2186 iis
278 2121 406 2188 dicendi
430 2121 517 2187 feeit.
561 2123 613 2189 Ex
631 2123 676 2189 eis
699 2122 858 2190 Centurio
873 2122 904 2187 le
928 2122 1007 2189 ionis
1025 2133 1151 2212 quarte
1171 2123 1228 2190 de·

125 2207 227 2284 eimae,
253 2207 356 2275 “Pro
376 2212 469 2286 tuo,”
493 2209 612 2297 inquit,
638 2221 661 2252 ‘⁶
673 2235 797 2278 summo
821 2145 989 2286 beneicio,
1019 2211 1142 2299 Scipio,
1165 2211 1228 2278 tibi

125 2304 150 2336 “
165 2293 286 2383 gratias
300 2318 374 2384 ago,
391 2298 469 2382 (non
482 2297 566 2362 enim
583 2297 818 2386 Imperatorem
832 2310 865 2363 te
880 2297 1024 2386 adpelle)
1046 2297 1135 2398 quod
1150 2297 1230 2365 mihi

127 2392 150 2422 “
165 2381 267 2448 vitam
291 2381 622 2473 incolumitatemque,
645 2385 726 2452 belli
748 2385 822 2475 jure
845 2396 955 2474 capto,
985 2384 1165 2474 polliceris=
1193 2397 1228 2451 et

124 2479 149 2510 ‘⁴
165 2469 270 2535 forsan
285 2470 347 2536 isto
362 2483 473 2537 uterer
484 2471 652 2549 beneficio,
666 2472 692 2537 si
708 2494 772 2539 non
787 2473 816 2538 ei
827 2493 987 2537 summum
998 2472 1101 2538 scelus
1115 2470 1229 2560 adjun-
1279 2473 1288 2484 '

126 2567 151 2598 ‘⁴
165 2563 309 2645 geretur.
353 2557 468 2646 Egone
498 2572 613 2625 contra
636 2560 813 2639 'Cesaram
841 2557 1076 2648 Imperatorem
1104 2582 1225 2636 meum,

124 2655 149 2686 “
164 2641 254 2746 apud
277 2667 375 2731 quem
399 2645 544 2712 ordinem
564 2645 656 2726 duxi,
681 2647 750 2735 ejus
775 2669 815 2712 ue
837 2644 1027 2721 ex‘ercitum,
1051 2643 1112 2733 pro
1134 2645 1226 2734 cujus

122 2729 322 2818 “dignitate
345 2732 545 2820 victoriaque
572 2733 708 2821 amplius
832 2731 880 2796 VI
910 2733 1000 2797 annis
1027 2729 1226 2820 depugnavi,

124 2816 317 2883 “adversus
338 2833 546 2906 armatmque
569 2819 761 2887 consisumt
806 2819 925 2906 Neque
939 2841 1002 2906 ego
1016 2817 1105 2883 istud
1120 2819 1226 2885 factu·

123 2916 148 2948 ‘⁴
163 2927 218 2970 rus
228 2927 309 2987 snm,
323 2917 359 2971 et
373 2917 407 2972 te
421 2928 630 2996 magnopere,
646 2919 684 2972 ut
698 2905 741 2970 de
755 2906 888 2995 negotio
899 2903 1042 2980 desistas,
1053 2905 1223 2973 adhortor.

123 3001 148 3035 “
164 2992 287 3058 Contra
307 2993 399 3094 cujus
413 2992 499 3059 enim
512 2993 621 3083 copias
633 2993 819 3072 contendas,
844 2992 868 3057 si
883 2992 987 3058 minus
1001 3003 1096 3058 antea
1110 3015 1225 3084 exper-
1260 3037 1262 3042 -

13 3158 14 3165 ἵ
122 3089 147 3122 “
163 3089 217 3144 tus
241 3104 288 3157 es,
314 3079 392 3146 hcet
418 3103 505 3146 nunc
533 3103 714 3170 cognoscas.
768 3081 862 3170 Elige
891 3103 933 3146 ex
960 3079 1023 3146 tuis
1056 3079 1224 3148 cohortem

123 3178 147 3210 “
162 3189 270 3245 unam,
295 3190 394 3255 quam
414 3179 511 3256 putas
537 3192 603 3234 esse
624 3165 846 3243 firmissimam,
871 3178 905 3232 et
926 3167 1085 3234 constitue
1109 3180 1224 3237 contra

122 3265 149 3299 “
161 3277 230 3319 me:
254 3277 316 3343 ego
329 3268 440 3321 autem
458 3279 500 3320 ex
513 3253 592 3321 meis
605 3255 888 3331 commilitonibus,
915 3277 996 3342 qnos
1014 3277 1100 3321 nunc
1115 3255 1149 3320 in
1164 3267 1223 3322 tua
1246 3277 1251 3286 ‘

13 3424 16 3435 .
121 3355 145 3386 ‘⁴
161 3353 252 3408 tenes
276 3352 449 3430 potestate,
483 3364 548 3410 non
584 3342 725 3438 amplius
753 3343 863 3410 decem
893 3363 1034 3408 sumam:
1073 3354 1152 3408 tunc
1180 3366 1221 3410 ex

154 3559 275 3608 Allienus.
302 3555 486 3606 ctetaM.
695 3571 761 3624 esse.
794 3552 974 3620 Aliisplacnit,
988 3555 1071 3607 XlVl
1106 3554 1218 3610 t-ne

159 3623 288 3687 Virptttm.
316 3617 445 3671 thtfl.
462 3619 499 3669 Μ.
695 3620 851 3671 centurione
863 3621 912 3670 hoc
922 3621 956 3670 ct.
977 3621 1062 3672 Veler.
1102 3625 1219 3684 nx.'8,8,

106 3705 109 3715 ¹
159 3690 262 3738 ffierir.
291 3685 401 3736 Siccod.
420 3692 470 3736 vet.
498 3683 584 3751 Vulgo
599 3689 647 3738 tri·
695 3688 720 3735 7.
732 3687 771 3736 M.
788 3686 840 3736 Ubi
851 3685 1021 3737 Centuriehic
1034 3689 1111 3738 Trous
1121 3687 1146 3737 in
1158 3687 1220 3738 eliis

120 3755 206 3804 nutu.
624 3795 630 3804 .
694 3751 780 3811 codd,
791 3751 817 3802 in
829 3751 889 3800 aliis
900 3753 1004 3802 Pontius
1015 3759 1125 3802 vocatur.
1141 3749 1220 3802 Cole-

156 3817 305 3881 Defrudata.
320 3815 430 3868 Siccod.
447 3815 543 3868 Ursini.
561 3815 647 3880 Vulgo
695 3831 738 3866 rus
749 3815 807 3866 inde
823 3817 908 3868 Titum
923 3816 1137 3868 Portttumefficit.
1169 3818 1220 3868 Ce-

13 3874 15 3890 '
120 3883 259 3948 defenditis
455 3913 458 3916 ·
695 3888 786 3940 terum,
802 3881 849 3946 qui
859 3882 988 3946 vulgatum
999 3897 1133 3932 numerum
1144 3891 1219 3934 tuen·

155 3950 268 4012 Amplius
296 3947 423 3998 XXXVI
447 3951 530 3998 omas.
575 3945 645 4006 Quia
694 3955 744 4006 tur,
761 3962 811 3996 non
829 3948 863 3996 ed
880 3947 964 4010 ipsum
977 3946 1113 4008 Caesarem,
1130 3949 1218 3999 sedad

121 4029 182 4064 tero
201 4013 286 4063 cm
302 4013 414 4063 nondum
433 4029 478 4078 per
497 4028 541 4063 sex
558 4020 583 4062 et
600 4011 646 4062 tri·
695 4021 843 4062 veteranum
864 4013 920 4076 ejus
948 4013 1087 4062 exercitum
1114 4023 1218 4064 censent

13 4071 20 4104 ³
121 4073 645 4156 gintaannosenercitibnsproelueratsed
693 4078 859 4128 referendum.
892 4079 937 4126 Ast
945 4076 1009 4127 XVl
1019 4077 1101 4128 flrmat
1119 4077 1219 4130 Godui-

121 4147 178 4194 unde
197 4145 232 4192 ab
251 4144 305 4208 ejus
322 4145 434 4194 Praetura
454 4143 566 4194 sedecim
585 4141 644 4192 anni
693 4145 836 4192 nurecod.
851 4142 969 4193 Victorii.
1003 4142 1071 4194 Dein
1085 4149 1217 4211 promat

122 4225 186 4260 nunc
205 4207 367 4258 effluxerant:
391 4208 465 4258 multi
487 4217 546 4274 post
567 4208 644 4257 Glsn-
693 4207 943 4275 olitanamperum
953 4207 1038 4261 refert.

120 4276 238 4346 dorpium
253 4281 412 4337 monument,
430 4273 495 4328 XVI
508 4273 643 4342 legentum

1187 931 1231 975 ua
1347 928 1350 935 ⁴
