2909 4809
489 290 578 362 mn.
601 291 705 362 OAP.
732 289 870 362 15-1n
1168 293 1237 365 ‘88

131 474 342 554 cohortibus:
364 491 486 548 ututur
508 491 583 571 post
609 481 748 550 nitorem
771 492 846 548 ente
869 478 962 568 signs
976 479 1134 548 tenderet.
1178 481 1233 550 Io

133 588 285 634 roronem
310 563 452 636 hostiurn
474 568 592 638 dextro
613 571 806 656 sinistroque
819 589 921 634 cornu
937 569 1073 636 medinm
1094 565 1232 647 divide

128 666 165 722 ct
191 676 286 722 unam
308 667 436 742 portem
460 657 504 722 nb
528 657 633 729 ultera
656 657 817 724 exclusam
848 655 1014 744 equitibus
1041 655 1232 724 intrimecus

130 740 265 808 udorm
283 765 357 808 cnm
372 742 534 831 peditum,
557 744 629 812 telis
640 745 793 812 con'eotis
814 745 847 810 in
862 745 973 832 fugem
987 744 1107 818 sertin
1128 765 1235 830 neque
1290 801 1294 808 .

130 826 261 916 longius
274 853 472 918 progressus,
487 831 611 898 veritus
630 769 769 908 insidiae,
783 855 818 896 se
831 829 874 898 nd
885 853 959 900 enos
971 831 1098 920 recipit.
1141 831 1234 898 ldenr

130 915 238 982 alteru
262 939 338 1005 pars
359 917 508 1007 equitum
599 921 680 986 ‘tum
705 941 727 984 ιι
769 918 904 986 Caesoris
920 919 1009 986 fecit.
1057 915 1118 984 His
1135 917 1256 988 rebus*

130 1003 229 1089 geris
248 1027 287 1070 sc
306 1005 422 1094 procul
446 1005 530 1074 hosti
554 1033 591 1074 us
614 945 752 1096 reprilsis
774 1006 1084 1094 convulnerctisqne‚
1106 1004 1149 1072 sd
1175 1027 1233 1072 sno

130 1089 372 1176 presidium,
385 1092 553 1160 sicuterst
565 1095 753 1173 instructus,
768 1093 912 1184 recipere
927 1093 1036 1188 coepit,

178 1177 228 1242 18.
252 1177 385 1246 Interim
397 1180 447 1246 Μ.
467 1181 613 1248 Petreius
631 1182 741 1268 etCn.
761 1181 835 1248 Piso
849 1205 922 1248 cum
933 1181 1099 1268 equitibus
1116 1179 1232 1247 Nunti·

128 1263 180 1330 dis
194 1265 265 1330 MC
279 1265 401 1342 electis,
413 1266 627 1355 peditatuque
641 1269 784 1358 ejusdem
799 1270 925 1362 generis
946 1270 1022 1334 sctis
1041 1267 1169 1362 gremii,
1192 1287 1235 1334 ex

129 1349 246 1418 itinere
260 1365 351 1418 recto
364 1354 506 1422 subsidio
519 1358 585 1422 onis
607 1369 792 1422 occurrunt.
840 1358 952 1445 Atque
968 1355 1086 1431 hoster,
1112 1353 1176 1422 suis
1190 1375 1233 1422 er

131 1451 260 1504 terrore
276 1439 411 1506 firmatis
425 1464 600 1530 rursusque
614 1447 777 1510 renovetis
790 1443 914 1520 enimin,
940 1443 1144 1531 legionarios,
1159 1460 1235 1510 non-

130 1527 231 1592 versis
244 1527 409 1614 equitibus
421 1551 456 1592 se
478 1530 683 1630 recipientes,
704 1532 891 1598 novi-imon
904 1529 1026 1596 adoriri
1040 1542 1074 1596 et
1087 1529 1235 1618 inpedire

127 1635 179 1678 coe
241 1625 312 1688 unt,
361 1637 405 1680 uo
423 1613 526 1681 minus
550 1639 584 1682 m
608 1633 713 1686 castre
735 1643 768 1684 se
789 1617 981 1707 reciperent.
1029 1617 1102 1682 lieo
1117 1637 1153 1681 re
1167 1617 1236 1682 nni-

206 1721 311 1775 verm,
356 1722 435 1766 mer
452 1701 548 1789 jubet
560 1702 653 1853 ‘iiim
667 1705 813 1768 converti
829 1719 862 1770 et
877 1703 982 1770 medio
995 1725 1111 1792 compo
1129 1703 1233 1768 rodin-

128 1785 252 1874 tegrari
265 1786 428 1876 proelium.
453 1787 596 1862 Quume
631 1787 778 1854 hostibus
789 1790 1005 1858 eodemmodo
1019 1801 1234 1880 pignoretur,

130 1893 190 1940 nec
214 1871 392 1940 comminus
413 1873 456 1940 nd
478 1897 591 1940 monus
614 1874 790 1951 rediretur,
814 1877 1015 1968 (lustrisque
1038 1875 1165 1962 equites
1184 1877 1235 1964 ju*

127 1959 433 2036 montecrescone
446 1962 580 2037 recenti,
594 1963 660 2037 siti,
672 1962 841 2050 languore,
856 1963 1030 2050 psucitete,
1045 1961 1235 2028 vulneribnt

131 2045 326 2136 defetigato,
352 2047 394 2112 ad
420 2047 652 2136 insequendum
673 2049 797 2115 hostem
812 2047 1147 2151 perseverandumque
1162 2069 1236 2116 our·

129 2157 201 2200 snm
213 2134 357 2200 tardiore
368 2134 539 2212 haberent,
553 2135 683 2224 dieique
695 2159 769 2226 pers
781 2159 897 2225 erigus
908 2137 973 2226 jum
989 2136 1118 2224 reliquo
1131 2149 1234 2225 emett

131 2219 320 2288 cohortibus
329 2223 583 2312 equitibus(qne)
596 2222 813 2304 circumdetis,
829 2223 1017 2290 cohortatus
1032 2221 1182 2376 imfim’
1198 2237 1237 2294 ut

127 2329 196 2374 uno
209 2308 278 2374 iotn
290 2309 532 2386 contenderent,
557 2333 662 2398 neque
683 2311 901 2388 remitterent,
928 2311 1030 2378 donec
1050 2333 1072 2376 u
1086 2324 1139 2376 tro
1159 2311 1254 2378 ultis·

128 2392 199 2460 mos
237 2395 336 2462 colles
367 2395 473 2463 hostes
503 2399 695 2487 repulissent
720 2411 756 2464 et
781 2423 821 2465 ue
848 2423 959 2464 eorum
989 2411 1094 2465 eseent
1123 2398 1233 2487 potiti.

129 2479 247 2570 lteqne
260 2485 352 2572 signo
363 2484 452 2564 dato,
464 2509 567 2586 quum
579 2486 760 2574 jomhoster
804 2486 924 2574 ngnide
940 2485 1005 2552 telo
1019 2486 1237 2574 negligenter-

11 2603 19 2614 ·
129 2592 196 2658 qne
213 2568 393 2650 mitterent,
417 2572 526 2638 subito
550 2573 686 2639 inmittit
707 2571 855 2664 cohorter
874 2587 1060 2662 turmasque
1080 2595 1233 2652 snorum:

127 2781 257 2834 militaris.
266 2785 321 2837 Diti
353 2793 656 2838 nterremexsecntusest
704 2787 854 2839 tardiorm.
878 2785 1232 2842 sueardurabeneuate
1282 2767 1287 2789 ¹

129 2850 301 2901 Gnischerdus
332 2850 412 2902 th.
430 2852 485 2902 mil.
504 2851 563 2902 Vol.
583 2858 608 2901 9,
628 2868 654 2918 p.
704 2855 765 2902 cod.
782 2851 1051 2903 Ursini.Consentiunt
1059 2853 1149 2903 etalii.
1167 2855 1231 2905 Per·

130 2917 279 2966 tou-sot.
289 2916 330 2966 vel
344 2917 377 2967 T.
389 2923 414 2967 t.
434 2935 461 2982 p.
470 2920 621 2980 orn-ess),
639 2934 655 2967 e
704 2935 820 2970 severare
830 2918 908 2968 etiem
919 2918 1005 2968 notive
1017 2917 1152 2982 accipitur.
1170 2919 1231 2970 Jun-

129 2981 204 3045 cnjns
214 2981 387 3046 disputatione
406 2982 529 3043 intellexi,
547 2983 655 3034 nimium
705 2984 752 3032 tin.
763 2987 789 3042 2,
802 2987 826 3032 6.
835 2992 992 3049 murm-oto
1003 2983 1097 3034 irradio.
1115 2983 1171 3036 Orc.
1183 2999 1229 3050 pro

127 3045 279 3096 brevitatem
304 3047 435 3112 scriptoris
461 3049 602 3098 necessario
628 3047 653 3098 ei
707 3047 830 3108 Quinctio
854 3053 876 3110 ι,
898 3053 939 3100 st.
962 3058 985 3100 tc
1003 3053 1086 3114 lotum
1104 3051 1131 3100 t'd
1147 3067 1231 3116 perse·

128 3111 338 3170 obscuremesse,
354 3113 399 3177 qui
412 3129 465 3162 rem
478 3114 585 3176 ignoret.
615 3114 655 3164 Μ.
705 3129 802 3164 verare.

128 3175 263 3227 Promisso
274 3177 422 3243 propositio
441 3185 464 3232 et
479 3186 583 3228 notstet
598 3184 655 3246 qau-
741 3179 883 3231 Colrnrtr'bus
898 3177 1070 3244 equitibusque
1086 3181 1229 3234 drctmdo·

128 3241 197 3301 dem,
208 3249 236 3291 ut
246 3259 270 3291 c.
285 3244 324 3292 10.
704 3247 744 3294 us.
763 3247 811 3306 Αιι,
824 3245 1055 3306 circumstantibus,
1071 3243 1231 3309 cingentibus

163 3307 272 3357 Adortus
280 3321 339 3358 οιιιιι
347 3309 403 3373 ped.
420 3308 654 3375 Haecrerbevulgo
704 3307 845 3360 Caescrem?
871 3311 909 3360 M.
943 3309 1011 3358 Oud.
1025 3311 1228 3362 melletct'rcum·

129 3371 198 3421 msle
208 3371 377 3438 sejunguntur.
704 3378 754 3434 tts's,
770 3373 792 3425 si
803 3374 890 3426 liceret
902 3389 947 3440 per
962 3375 1038 3424 codd.
1056 3381 1084 3426 ut
1101 3373 1132 3424 C.
1152 3377 1176 3438 3,
1186 3379 1228 3428 94.

165 3437 204 3487 Ad
220 3453 269 3506 suo
282 3439 416 3502 pondu.
442 3455 501 3506 cop.
522 3443 562 3491 te.
579 3440 653 3504 dicit,
704 3442 767 3490 acies
786 3443 926 3490 circumita.
956 3439 1026 3488 istud
1047 3457 1094 3516 que
1113 3439 1226 3494 edditnm

130 3501 270 3553 odedum.
286 3503 325 3551 Μ.
703 3505 826 3570 equitibus
844 3519 899 3554 esse
916 3521 933 3558 tt
949 3519 1023 3554 manu
1040 3505 1147 3568 thurii,
1158 3507 1226 3558 clarc

131 3589 135 3594 ·
164 3568 454 3621 emendemus.
487 3568 558 3620 Sicut
572 3569 654 3620 hube-
704 3577 781 3634 petet,
798 3569 885 3636 judice
902 3569 1057 3622 Gniscinrdo
1070 3589 1096 3636 p.
1107 3575 1164 3621 2⁰⁷.
1179 3571 1225 3638 qui

126 3631 431 3684 bctscieminstructcm.
702 3635 788 3686 iocum
818 3633 855 3684 ric
885 3635 982 3684 reddit=
1005 3639 1102 3702 chaque
1127 3637 1226 3688 cohorte
1319 3645 1322 3656 '

166 3700 213 3746 Cu.
225 3701 295 3748 Piso.
311 3700 351 3748 De
364 3701 413 3750 hoc
424 3700 477 3750 vid.
493 3699 577 3752 Tacit.
587 3701 652 3751 Anu.
701 3697 887 3766 dodflonqute
896 3701 928 3750 de
937 3702 965 3750 to
975 3703 1106 3752 caoobrs'e.
1127 3701 1223 3752 Verum

128 3762 155 3822 2,
165 3765 207 3812 te.
702 3763 728 3814 in
742 3765 826 3815 th.'
838 3765 896 3816 crit.
907 3782 933 3829 p.
945 3769 1002 3814 oto.
1020 3765 1086 3816 istud
1104 3781 1153 3832 quc
1164 3781 1223 3816 sen·

162 3827 224 3877 Μθ.
243 3827 271 3878 in
281 3825 402 3880 omnibus
412 3831 488 3882 cod-i.
499 3829 564 3880 CCC
575 3830 652 3896 scrip·
703 3830 743 3879 sui
755 3832 917 3881 non-obstare
926 3839 1081 3898 censetque
1091 3831 1121 3882 de
1139 3847 1165 3882 re
1173 3833 1221 3882 du·

128 3899 241 3942 tumest.
258 3895 297 3943 Μ.
330 3897 367 3946 ltu
384 3904 411 3944 et
428 3896 547 3945 eddvet.
580 3897 650 3946 Med.
702 3895 784 3946 bitere
796 3895 874 3948 licet·

131 3959 196 4006 1418
214 3967 240 4008 et
251 3957 316 4010 Ven.
339 3960 399 4010 1482
410 3961 528 4026 elinque.
559 3959 652 4010 Contra
737 3963 892 4014 cohortetur.
925 3959 1029 4012 Addidit
1043 3961 1092 4012 boc
1111 3977 1126 4012 e
1144 3963 1221 4014 codd.

128 4021 196 4072 ven.
219 4025 281 4073 tort
303 4024 382 4076 hebet
401 4027 462 4076 MC.
484 4026 553 4090 qnod
570 4027 652 4092 magis
701 4025 768 4077 Oud.
788 4027 876 4077 Posset
895 4029 995 4078 abesse.
1032 4025 1101 4077 idem
1132 4029 1222 4080 mullet

126 4089 250 4138 convenit
259 4105 318 4140 cnm
329 4091 372 4151 iis,
388 4103 445 4154 quse
454 4105 512 4156 cop.
532 4107 584 4156 seq.
595 4107 651 4142 ner-
700 4091 785 4141 omitti
797 4097 914 4156 isupernt,
922 4101 959 4152 ut,
973 4099 999 4142 et
1010 4091 1058 4156 legi
1070 4093 1222 4146 cohortatur.

12 4168 13 4193 ι
128 4161 223 4204 rantur.
740 4159 792 4207 Uno
815 4161 873 4218 ictu,
895 4173 984 4208 omnes
1005 4173 1056 4208 uno
1079 4159 1219 4224 eodemque

151 4219 246 4285 'Atque
256 4223 343 4272 torus.
370 4221 422 4271 Alit
432 4223 472 4272 At.
700 4221 751 4272 ictu
763 4223 881 4284 telorum,
891 4237 942 4276 unu
951 4237 1048 4285 ornnes,
1059 4239 1110 4276 uno
1121 4223 1219 4292 inpetu.

163 4287 575 4380 Personam-cummium.
598 4289 649 4340 Alii
699 4287 739 4340 Μ.
758 4287 792 4338 V.
807 4289 862 4344 ud.
1016 4355 1090 4404 2¹2
