2909 4809
419 256 508 329 nm.
530 256 609 329 vn.
657 260 761 333 car.
779 260 925 361 suno.
1144 264 1210 333 sos
1256 366 1260 375 ¹

106 442 328 533 inpedimenta
352 470 393 513 ex
407 448 518 515 castris
541 448 634 515 educi
661 461 695 515 et
715 472 748 515 se
766 449 918 544 subsequi
938 446 1042 541 jussit.
1088 450 1218 529 Caesar.

107 530 334 683 inpedimentis
347 534 382 600 in
396 536 578 625 proximum
593 536 709 603 collem
723 534 884 614 deductis,
906 536 1097 627 duabusque
1111 540 1210 629 legio-

107 619 142 683 ni
169 644 207 685 us
236 620 385 708 praesidio
410 621 542 699 relictis,
572 638 712 699 secutus,
737 638 895 713 quantum
919 625 984 691 diei
1013 639 1140 715 tempus
1162 639 1211 705 est
1299 683 1302 691 .

108 729 252 805 passum,
274 708 403 773 circiter
423 710 528 776 tribus
542 710 672 777 milibus
687 710 826 777 hostium
845 736 886 779 ex
900 712 1070 778 novissimo
1083 714 1211 801 agmine

107 794 300 870 mter-fectis,
329 796 435 863 altero
460 796 512 861 die
540 797 583 862 ad
605 798 748 864 Alesiam
776 813 880 864 castra
903 798 988 864 fecit.
1034 800 1210 888 Perspecto

107 880 201 946 urbis
211 881 288 957 situ,
301 884 547 983 perterritisque
557 882 716 961 hostibus,
725 885 842 975 quode
867 885 986 962 ditatu,
998 888 1209 974 quamanime
1249 950 1252 958 .

107 981 370 1055 parte'exercrtus
381 970 596 1047 confidebant,
608 972 856 1061 erautpulsI,ad
880 972 1058 1045 ortatusad
1066 972 1210 1041 laborem

109 1054 241 1132 milites,
257 1055 398 1123 Alesiam
412 1058 654 1125 circumvallare
668 1060 817 1126 instituit.

105 1196 110 1208 ,
153 1142 207 1207 69.
231 1153 255 1182 “
269 1140 381 1232 Ipsum
394 1157 465 1211 erat
478 1170 498 1210 o
523 1146 636 1234 pidum
648 1147 681 1212 in
693 1147 777 1212 colle
790 1170 925 1225 summo,
936 1144 1111 1213 admodum
1124 1144 1212 1210 edito

109 1238 134 1269 “
150 1229 236 1305 loco,
258 1243 308 1306 ut,
330 1231 390 1297 nisi
418 1233 487 1298 obsi
513 1233 596 1309 ione,
617 1257 657 1299 ex
681 1234 796 1322 ugnari
825 1258 916 1323 posse
945 1258 1008 1300 non
1035 1232 1211 1299 videretur.

111 1326 134 1356 “
152 1316 258 1405 Cujus
269 1317 496 1386 collisradices
509 1319 575 1385 duo
587 1258 712 1387 dualia
725 1344 766 1387 ex
777 1322 925 1411 partibus
936 1319 1068 1387 flumina
1082 1320 1211 1385 sublue-

110 1414 133 1443 “
149 1404 241 1468 bant.
286 1406 374 1470 Ante
393 1404 428 1471 id
452 1405 609 1495 oppidum
631 1406 779 1497 planities
801 1408 931 1475 circiter
951 1408 1040 1473 milia
1060 1430 1211 1496 passuum

110 1501 134 1531 “
150 1489 204 1556 lll
220 1491 253 1556 in
268 1490 505 1580 longitudinem
519 1494 669 1581 patebat:
694 1494 827 1583 reliquis
847 1519 887 1561 ex
901 1494 1048 1560 omnibus
1064 1494 1213 1580 partibus
1285 1504 1290 1526 '

112 1588 135 1618 “
151 1578 264 1654 colles,
284 1578 438 1659 mediocri
459 1580 629 1669 interjecto
649 1584 766 1672 spatio,
788 1581 859 1671 pari
877 1581 1056 1647 altitudinis
1070 1580 1211 1669 fastigio,

111 1665 312 1753 “oppidum
342 1666 545 1755 cingebant.”
606 1670 678 1736 Sub
705 1692 810 1743 moro,
863 1692 911 1733 uae
948 1692 1022 1757 pars
1050 1666 1142 1733 collis
1170 1667 1212 1733 ad

111 1754 272 1817 orientem
285 1752 385 1819 solem
398 1756 579 1843 spectabat,
598 1754 684 1821 buno
705 1779 831 1823 omnem
839 1692 961 1822 locum
985 1777 1023 1819 co
1048 1753 1085 1819 iae
1101 1753 1213 1819 Gallo-

112 1862 187 1903 rum
201 1840 442 1928 oompleverant
457 1841 637 1929 fossamque
650 1854 684 1907 et
698 1842 868 1909 maceriam
889 1865 943 1907 sex
960 1841 993 1906 ln
1006 1778 1212 1907 altitudinem

112 1926 233 2015 pedum
248 1925 485 2015 praeduxerant.
531 1929 611 2013 Eius
627 1930 825 2006 munitionis,
846 1954 919 2018 quae
940 1928 982 1993 ab
999 1926 1151 1993 Romanis
1165 1928 1212 1993 in·

110 2013 322 2089 sumebatur,
348 2015 505 2103 circuitus
525 2000 574 2080 Xl
597 2016 722 2082 milium
746 2040 896 2105 passuum
911 2014 1051 2081 tenebat.
1097 2014 1214 2081 Castra

109 2100 305 2200 obportunis
329 2100 407 2167 locis
433 2116 525 2167 erant
613 2102 660 2168 ita
679 2104 791 2193 ibique
812 2103 943 2169 castella
965 2099 1080 2168 XXIII
1110 2102 1212 2179 faota3

111 2188 234 2275 quibus
256 2187 288 2252 in
309 2188 447 2254 castellis
468 2126 613 2254 interdiii
630 2192 781 2257 stationes
801 2190 1067 2279 disponebantur,
1090 2210 1129 2254 ne
1148 2212 1213 2277 qua

110 2274 360 2424 subitqeruptio
370 2276 476 2350 fieret;
498 2275 566 2343 haec
579 2275 689 2343 eadem
701 2290 800 2344 noctu
811 2277 1055 2345 excubitoribus
1065 2299 1102 2341 ac
1114 2274 1214 2343 firmis

228 2384 249 2424 u
479 2413 487 2428 .

110 2384 212 2513 prssll.
235 2363 529 2536 (Iliiilriliiriiiibtq
550 2448 589 2515 fit
611 2474 629 2515 e
652 2462 761 2515 uestre
782 2450 933 2539 proelium
955 2451 987 2515 in
1009 2472 1046 2515 ea
1067 2448 1213 2539 planitie,
1376 2448 1380 2457 ’

110 2558 209 2625 quam
223 2536 435 2601 intermissam
448 2537 584 2603 collibus
600 2474 653 2603 Ill
667 2537 755 2603 milia
771 2534 968 2627 passuum'in
980 2534 1214 2627 longitudinem

150 2678 343 2737 circumtusus
356 2679 467 2727 mitidum
498 2676 589 2727 Celsus
599 2679 641 2729 ‹le-
689 2676 807 2727 narravit.
842 2674 961 2731 Orosium
983 2676 1019 2737 (6,
1038 2676 1079 2736 ll)
1094 2676 1216 2735 conterre,

113 2744 287 2792 commititur.
689 2740 734 2790 vix
750 2758 835 2805 operae
856 2740 964 2817 pretium
981 2749 1033 2791 est:
1050 2756 1098 2789 nec
1114 2740 1215 2804 prodest

150 2808 225 2861 Quod
235 2810 358 2871 equitatu,
373 2817 423 2856 etc.
440 2806 485 2855 alii
495 2808 562 2871 quod
573 2810 642 2870 equd-
690 2806 797 2855 multum
810 2808 894 2856 Julius
905 2805 993 2855 Celsus
1007 2806 1046 2868 (p.
1060 2806 1124 2865 153).
1157 2804 1211 2854 Nec

114 2880 192 2931 tutus,
201 2888 256 2935 qua
268 2877 384 2921 mim
393 2880 466 2935 porte
476 2898 511 2907 -
519 2880 574 2922 erat
581 2874 643 2936 pul·
689 2872 762 2921 locus
781 2872 872 2934 Dionis
891 2872 973 2921 Cassii
994 2872 1048 2931 (tu,
1066 2872 1106 2921 39.
1123 2872 1166 2931 40)
1181 2872 1214 2919 ad

113 2952 157 2987 sus
174 2938 217 2985 vel
239 2938 306 3001 quod
325 2940 448 3003 equss'tntu,
463 2953 512 3000 quo
527 2940 643 2987 maximo
689 2952 743 2996 rem
765 2937 956 3007 intelligendam
975 2936 1077 2996 sufficit,
1094 2935 1143 2985 nisi
1159 2935 1216 2986 Cae·

113 3010 189 3067 porte
199 3018 240 3050 es.
250 3003 413 3064 confidebant,
424 3010 498 3051 mont
503 3004 582 3066 pulsi.
690 3002 752 3051 saris
764 3004 872 3051 narratio
883 3002 960 3051 luerit
969 3002 1001 3050 ad
1013 3017 1109 3050 manus.
1127 3002 1165 3051 M.

149 3070 262 3116 Alesiam
283 3070 400 3115 clrcums.
421 3070 495 3115 insul.
533 3066 571 3115 De
592 3066 641 3115 hoc
724 3070 784 3116 Duo
791 3068 915 3132 fluntino,
929 3066 1023 3115 Lutosa
1033 3075 1058 3115 et
1070 3066 1159 3115 Oseru.
1177 3066 1210 3114 Μ

114 3133 184 3191 loco,
200 3147 279 3195 quem
294 3130 413 3207 equidem
429 3141 532 3195 propter
545 3131 583 3180 rei
594 3130 643 3179 rni-
725 3134 764 3182 Aul
782 3136 900 3182 artensem
913 3135 997 3181 subm.
1031 3132 1071 3180 Ex
1092 3132 1167 3181 codd.
1189 3136 1216 3179 et

23 3231 24 3238 .
115 3197 199 3247 litatis
215 3198 401 3261 ignorationem
420 3213 471 3245 non
492 3197 554 3245 satis
569 3197 644 3245 iutel-
690 3198 747 3250 cdd.
770 3196 886 3247 Davisius
909 3196 1017 3246 restituit
1043 3198 1126 3255 rohsn,
1145 3195 1215 3260 quod

115 3263 179 3325 ligo,
196 3278 276 3325 usque
292 3260 420 3325 explicare
436 3262 527 3321 audeo,
546 3270 643 3311 exstant
689 3262 769 3325 vulgo
781 3262 912 3311 omissum.

116 3330 174 3377 duae
190 3327 376 3391 disputati0ues
393 3325 535 3375 doctissimi
545 3326 644 3387 militis,
726 3329 838 3377 donello
867 3326 980 3375 XXIII.
1027 3322 1104 3375 Cdsur
1133 3320 1217 3374 uoltu

117 3392 269 3455 Guischardi
295 3407 340 3441 seu
357 3388 452 3449 Quinti
479 3392 547 3441 Icilii
571 3389 644 3454 (Mt-
689 3394 760 3453 olnpt
774 3400 797 3441 et
811 3396 871 3442 trois
886 3392 1000 3440 redoutes
1011 3386 1229 3454 placamus--
1304 3390 1306 3397 “

117 3459 212 3507 moires
226 3457 360 3507 militaires
374 3472 418 3507 sur
432 3459 468 3507 les
478 3458 555 3505 Grecs
571 3465 597 3505 et
606 3458 644 3505 les
689 3464 760 3505 lance
777 3472 809 3505 en
827 3458 938 3506 durasse
953 3463 1045 3505 autom·
1059 3456 1090 3504 de
1104 3457 1133 3505 lu
1146 3470 1217 3504 mon·

120 3524 255 3584 Romains,
263 3524 296 3571 T.
307 3527 328 3572 l.
340 3538 366 3586 p.
374 3526 430 3582 282,
442 3522 487 3571 ubi
497 3522 551 3570 suis
559 3521 645 3571 verbis
689 3528 765 3583 tuque
775 3536 824 3585 que
834 3524 869 3569 les
876 3529 976 3584 pauper
985 3520 1017 3569 de
1031 3522 1217 3583 Vetuinpetoris

117 3605 216 3653 suoque
231 3589 309 3638 modo
332 3588 396 3636 banc
418 3602 519 3635 omnem
538 3586 644 3636 Caesaris
689 3589 785 3635 omnent
800 3582 912 3651 occupte.
945 3584 1117 3633 Guischardus
1136 3583 1179 3643 (T.
1192 3588 1219 3633 4.

117 3655 289 3705 narrationem
297 3652 411 3716 repetiit.
438 3650 645 3700 ltethmoires
691 3666 717 3713 p.
734 3653 788 3701 187.
806 3658 831 3698 et
849 3650 957 3699 Delense
977 3650 1022 3697 des
1039 3648 1122 3698 Mem.
1138 3648 1215 3697 milit.

118 3737 161 3769 sur
171 3719 299 3784 plusieurs
309 3717 395 3782 poluts
404 3714 565 3780 d’antiquitts
575 3716 645 3765 mili-
690 3730 717 3779 p.
730 3717 797 3776 495).
814 3715 887 3764 Conl.
898 3716 929 3763 de
941 3714 971 3763 B.
984 3714 1040 3763 civ.
1052 3720 1075 3773 3,
1087 3716 1127 3761 43.
1144 3715 1182 3763 Μ.

120 3781 644 3847 taires,T.4.p.l³l‚ubiplurasubtilius
728 3782 817 3844 Neque
838 3782 893 3829 sub.
910 3779 1040 3843 nuptias.
1076 3778 1218 3842 Vulgos'nae

118 3848 404 3913 stuberiusexplicut).
436 3848 463 3896 ln
479 3848 559 3896 altero
576 3847 643 3896 libro
691 3848 781 3908 ruptio.
817 3844 937 3893 Restituit
957 3844 1043 3892 locum
1062 3844 1216 3893 Davisiuse

118 3916 196 3965 etiam
207 3916 296 3965 tabula
303 3922 351 3971 est,
360 3911 503 3962 obsidionis
511 3911 645 3961 adumbra-
691 3910 767 3958 codd.
778 3918 803 3957 et
813 3912 870 3959 edd.
882 3916 933 3958 vet.

118 3981 216 4030 tionem
225 3980 366 4030 exhibens:
384 3978 450 4025 unde
459 3978 501 4026 rel
509 3976 595 4040 periti,
603 3977 643 4026 vel
727 3974 900 4024 Inter-nussam
910 3976 1023 4033 collibus,
1034 3974 1142 4025 mediam
1153 3974 1218 4025 inter

118 4047 267 4110 diligentius
287 4061 340 4094 rem
361 4057 516 4105 cognoscere
538 4050 564 4090 et
585 4057 644 4089 cum
691 4040 781 4099 colles,
790 4055 895 4089 vacuum
904 4040 982 4099 colle,
991 4054 1041 4090 non
1049 4050 1140 4090 tectam
1149 4040 1217 4090 colle

118 4112 220 4161 Folardi
246 4106 471 4175 disquisitionibus
500 4122 645 4170 comparare
691 4104 789 4169 aliquo.
822 4104 897 4154 cte.
912 4106 948 4152 lt.
965 4106 1004 4154 M.

119 4178 241 4237 volentes,
277 4177 350 4240 plum
385 4172 484 4221 haurire
521 4180 646 4235 poterunt.
727 4170 780 4218 III
799 4172 871 4219 uultu
889 4178 958 4233 part.
981 4169 1026 4221 alii
1042 4172 1143 4221 mitum
1159 4169 1217 4221 scil.

119 4242 206 4293 Etiam
224 4242 330 4306 Lipsius
344 4238 469 4301 (Poliorc.
480 4242 505 4297 2,
515 4238 542 4299 2)
559 4238 646 4286 locum
691 4234 813 4298 spatium.

120 4308 187 4358 hunc
207 4312 423 4372 persecutorem.
456 4304 523 4351 Rem
544 4303 646 4351 omnem
727 4301 761 4349 In
775 4300 964 4365 lmtqttuds'nem.
998 4302 1097 4353 Desunt
1116 4302 1170 4353 haec
1190 4301 1218 4352 in

122 4374 276 4425 Plutarchus
294 4372 336 4435 (iu
349 4370 418 4421 Cas.
434 4382 460 4419 c.
471 4366 517 4429 tt)
533 4366 648 4420 breviter
691 4364 766 4416 codd.
777 4366 915 4418 nonnullis.

590 4487 598 4516 Ι
