2909 4809
294 235 297 245 ’
361 278 365 291 ’
451 276 528 351 nte
564 282 590 349 1.
635 278 741 351 cnr.
763 282 822 363 aa,
843 284 918 353 aa·
1183 246 1238 353 aa
1271 281 1288 385 j

132 468 211 545 DC,
226 490 294 558 qua
308 466 427 537 flumen
440 469 638 549 intermittit,
658 496 750 541 mons
761 472 906 539 continet
918 492 1034 561 mngm
1044 468 1228 547 altitudine,

129 558 176 623 ita
192 568 231 623 ut
245 556 366 623 radices
379 557 448 645 ejus
460 558 578 625 montis
590 582 630 625 ex
641 572 782 649 utraque
800 572 893 650 parte
908 558 937 625 ri
992 558 1140 625 dominis
1154 582 1228 625 con·

132 644 182 710 tin
226 656 275 709 nt.
323 644 421 711 Hunc
435 669 548 711 murus
561 646 779 713 circumdatus
800 670 906 712 arcem
921 582 1019 713 offuit
1034 659 1155 713 etcum
1169 670 1228 735 op-

132 732 168 833 pi
192 756 213 798 o
241 730 420 820 conjungit.
469 730 546 797 Huc
575 733 683 800 Oaemr
705 733 837 823 magnis
853 732 977 799 diurnis
999 734 1231 822 nocturnisque

131 818 305 971 rtiqqribus
334 818 511 895 contendit,
545 832 772 911 occupatoque
809 819 933 911 oppido
964 818 1010 887 ibi
1047 819 1232 909 presidium

133 928 175 971 co
211 916 297 970 ocat.

180 992 234 1057 39.
261 992 352 1057 Dum
379 1014 499 1081 paucos
525 991 592 1057 dies
620 992 662 1059 ed
688 991 917 1060 Vesontionem
942 992 990 1058 rei
1012 989 1233 1057 frumentariae

134 1090 399 1167 commeatusque
420 1102 529 1145 caussa
540 1091 700 1155 moratur,
713 1102 754 1146 ex
768 1080 1033 1170 percunctatione
1047 1090 1233 1145 nostrornm

135 1164 337 1253 vocibusque
355 1166 528 1232 Gallorum
547 1188 585 1231 ac
597 1178 826 1243 mercatorum,
850 1166 909 1255 qui
929 1165 1053 1254 ingenti
1071 1164 1233 1253 magnitu-

134 1252 211 1319 dine
225 1274 403 1340 corporum
418 1254 608 1327 Germanos,
629 1253 809 1327 incredibili
825 1254 949 1319 virtute
962 1266 1062 1341 atque
1078 1251 1233 1317 exercita·

135 1338 226 1405 tione
239 1338 271 1403 in
284 1339 381 1405 armis
393 1362 457 1404 esse
469 1338 699 1427 praedicabant,
711 1363 930 1430 saepenumero
940 1362 1006 1405 sese
1017 1337 1148 1405 cumeis
1158 1360 1234 1404 con-

138 1448 263 1515 gressos
287 1447 327 1489 ne
356 1424 484 1490 vultum
519 1425 649 1513 quidem
673 1439 773 1515 atque
802 1427 924 1493 anciem
953 1424 1124 1493 oculorum
1147 1424 1235 1490 ierre

140 1512 296 1601 potuisse,
310 1524 420 1577 tantus
432 1512 541 1578 subito
555 1513 653 1578 timor
666 1536 791 1581 omnem
805 1513 983 1579 exercitum
996 1510 1182 1601 occupavit,
1197 1520 1237 1577 ut

140 1622 206 1665 non
218 1599 421 1665 mediocriter
435 1600 578 1667 omnium
591 1612 712 1665 mentes
722 1600 909 1689 animosque
967 1599 1146 1665 rturbaret.
1171 1597 1238 1663 Hic

129 1686 284 1775 ‘primurn
295 1696 387 1751 ortne
399 1697 448 1751 eet
464 1709 484 1751 a
499 1684 652 1753 Tribunis
672 1686 825 1763 militum,
846 1710 915 1777 prae
928 1686 1007 1751 ectia
1026 1684 1237 1773 reliquisque,

140 1773 261 1861 qui,ex
270 1772 353 1838 urbe
361 1771 625 1839 amicitiaecausea
634 1774 792 1839 Caeearem
800 1774 914 1849 secuti,
923 1793 1149 1859 nonmagnum
1157 1770 1239 1837 inre

141 1858 276 1924 militari
301 1865 393 1924 usum
422 1858 600 1935 habebam
631 1884 774 1949 quorum
797 1860 891 1936 elius,
914 1858 979 1923 alia
1002 1880 1112 1923 cauma
1124 1856 1238 1935 inlata,

168 1968 242 2011 uam
255 1945 316 2011 sibi
343 1946 383 2011 ed
397 1944 663 2036 proficiscendum
676 1947 882 2013 necessariam
893 1968 960 2011 esse
972 1945 1128 2020 dicerent,
1148 1955 1237 2032 pete·
1294 1952 1300 1961 '

187 2044 236 2108 nt,
258 2044 296 2098 ut
315 2032 383 2122 ejus
404 2032 573 2100 voluntate
594 2033 754 2100 discedere
775 2032 906 2114 liceret;
928 2031 1089 2106 nonnulli,
1112 2028 1240 2121 pudore

141 2118 287 2196 adducti,
300 2132 338 2185 ut
352 2120 475 2186 timoris
486 2119 699 2210 suspicionem
711 2121 864 2196 vitarent,
879 2118 1096 2187 remanebant.
1127 2116 1175 2184 Hi
1185 2139 1227 2183 ne
1310 2150 1317 2167 ·

169 2230 210 2271 ne
219 2204 346 2273 ruitum
360 2204 493 2295 fingere,
505 2230 610 2294 neque
618 2206 781 2273 interdum
792 2206 1056 2273 lacrimaetenerc
1068 2216 1240 2295 poterant:

143 2316 164 2358 a
212 2292 247 2357 'ti
261 2293 293 2358 in
306 2292 522 2359 tabernaculis
533 2303 592 2379 aut
611 2317 707 2360 suum
718 2294 822 2360 fetum
837 2293 1070 2383 querebantur,
1084 2304 1144 2357 aut
1163 2314 1240 2356 cum

143 2378 355 2447 familiaribus
374 2380 439 2445 suis
459 2402 627 2447 commune
639 2381 825 2483 periculum
836 2379 1081 2446 miserabantur.
1107 2377 1241 2466 *Vulgo

143 2467 224 2533 totis
244 2466 354 2531 castris
373 2478 563 2533 testamenta
578 2468 844 2556 obsignabantur.
890 2465 1021 2532 Horum
1045 2464 1180 2531 vocibus
1203 2488 1242 2531 ac

66 2620 76 2631 ,
145 2554 264 2619 timore
276 2553 447 2654 paullatim
466 2554 563 2619 ctiam
574 2554 609 2630 ii,
633 2554 690 2643 qui
703 2576 858 2643 magnum
870 2553 904 2619 in
914 2554 1026 2619 castris
1038 2576 1131 2617 usum
1145 2550 1242 2617 babe-

145 2640 238 2717 bant,
254 2640 369 2707 milites
382 2640 671 2742 Centurioneeque,
685 2642 808 2729 quique
821 2641 972 2729 equitatu
985 2649 1157 2727 praeerant,
1169 2660 1243 2725 per-

146 2727 379 2792 turbabantur.
408 2726 473 2801 Qui
482 2750 515 2791 se
529 2750 569 2791 ex
581 2726 629 2793 hrs
641 2727 746 2793 minus
757 2727 885 2793 timidos
891 2725 1065 2791 existimari
1076 2724 1242 2799 volebant,

147 2834 213 2879 non
226 2836 259 2877 se
278 2813 401 2878 hostem
415 2813 532 2889 vereri,
554 2814 609 2880 sed
631 2814 795 2902 angustias
807 2812 929 2880 itineris
944 2822 978 2876 et
991 2810 1243 2899 magnitudinem

149 2900 316 2975 silvarum,
338 2922 412 2987 qnae
435 2898 671 2966 intercederent
690 2902 775 2980 inter
796 2900 881 2988 ipsos
902 2921 923 2964 a
962 2922 1003 2963 ue
1030 2898 1244 2973 Ariovistum,

148 2999 208 3051 aut
222 3008 290 3052 rem
305 2985 560 3061 frumentariam,
583 2988 708 3051 utsatis
727 2984 893 3051 commode
912 3008 951 3049 su
976 2985 1102 3073 portari
1124 2986 1250 3073 posset,

185 3147 481 3215 Cmtispoatscmipam.
499 3148 536 3197 M.
562 3146 676 3197 Nonita.
719 3146 939 3213 ter,pejnsetiam
955 3144 1185 3197 mummium.
1217 3146 1244 3197 ln

150 3212 317 3289 potinsuru'poe
333 3212 358 3262 in
369 3212 525 3287 nominativo
537 3212 593 3263 heic
605 3212 677 3291 posi·
720 3214 762 3262 ed.
778 3212 887 3262 secunde
906 3210 1010 3261 retinuit
1022 3212 1162 3276 vulgatum,
1178 3212 1247 3277 qnod

150 3278 675 3457 {Jffdtill'nlliffplii‘liiti‘ii
720 3278 948 3457 2⁰wa.
964 3339 1236 3458 affirmarunt

213 3442 219 3455 .
858 3422 895 3456 rac
948 3443 954 3455 .
1044 3441 1051 3455 .

163 3422 267 3524 'llum
280 3488 377 3525 emtus.
400 3470 459 3524 LC.
470 3472 504 3521 ll.
527 3471 614 3539 potius
624 3470 675 3541 legi
747 3422 1010 3537 nllgrmtssbcut.
1044 3470 1149 3521 Rectius
1158 3470 1195 3521 sic
1204 3486 1248 3521 re·

153 3539 208 3587 vult
221 3539 297 3589 Huic.
313 3540 404 3589 Parum
416 3538 500 3588 refert.
725 3546 792 3587 teres
801 3538 857 3587 edd.
868 3545 896 3586 ut
906 3542 930 3596 t,
942 3540 982 3585 96.
993 3533 1070 3601 vulgo
1079 3536 1176 3597 dicent,

188 3604 314 3654 &resera
347 3604 476 3669 Repetunt
489 3601 593 3671 quiam
605 3604 678 3653 codd.
725 3604 782 3665 ως
798 3602 895 3652 nsmde
905 3601 1024 3667 pluribus
1032 3617 1122 3651 sermo.
1138 3545 1251 3665 scalig

152 3676 179 3719 et
188 3667 340 3718 eddvetmor.
726 3668 907 3718 maledscsrst.
922 3668 1024 3718 Groecns
1033 3666 1110 3715 etism
1119 3666 1205 3728 tasyn.

191 3732 539 3798 Fraesecttr.sl.acproefsots's.
764 3735 925 3783 ram.
968 3734 1066 3781 Perse
1091 3729 1250 3794 intelligitur,

181 3798 313 3863 numm
329 3800 466 3863 peremtum
491 3799 679 3861 onerabantur,
727 3798 782 3847 hec
799 3798 830 3845 ‹le
847 3794 1002 3847 militaribus
1020 3795 1176 3845 testamentis
1193 3811 1250 3845 esse

156 3861 229 3929 quod.
262 3862 325 3912 Herc
345 3863 422 3913 verbe
437 3864 506 3927 (post
520 3867 594 3915 muti
603 3864 678 3928 vulgo
725 3861 860 3927 capiendo,
872 3878 980 3925 quorum
991 3860 1054 3910 ritus
1062 3868 1089 3909 et
1095 3860 1153 3936 jura
1164 3860 1252 3910 areli-

156 3925 254 3987 sddita)
270 3928 370 3977 scodd.
399 3928 497 3977 turibus
510 3938 536 3977 et
544 3928 601 3977 edri.
618 3936 680 3978 entt.
725 3928 784 3993 quis
793 3926 947 3977 tommentis
960 3924 1197 3986 disertionem
1210 3926 1253 3975 ln·

155 3998 181 4041 et
197 3992 350 4057 metaphrasi
396 4009 416 4042 r.
435 3994 540 4055 absunt3
568 3995 682 4056 leguntur
727 3990 1255 4055 stitutiouibusJustiuiauissib.2.tit.ll.)

155 4066 239 4107 tantm
255 4057 281 4107 in
309 4058 441 4107 uibusdam
452 4058 525 4109 codd.
542 4058 631 4107 lectio
642 4057 681 4109 in·
727 4064 872 4109 notumest.
889 4054 1253 4119 transmeantium,
1364 4070 1373 4083 ¹

155 4132 223 4173 certe
233 4130 280 4172 est.
330 4122 524 4187 ,Mibiplsne
535 4138 679 4187 persuasum
731 4128 770 4175 10.
787 4122 825 4172 Μ.

156 4196 206 4264 est,
221 4204 241 4264 ιιΙ
248 4185 330 4239 sciolo
340 4190 513 4265 quodamque
525 4188 627 4264 intrusa,
645 4186 680 4237 iis
764 4189 892 4252 Equitattt.
909 4185 951 4262 Sic
963 4185 1110 4237 Vossianus.
1125 4184 1166 4235 Gi.
1176 4202 1199 4235 c.
1213 4188 1254 4237 16.

156 4252 682 4385 tt'tttttttttt‘sstttltt
731 4252 1254 4393 ,rissdffliioff'ffli‘ffiffa

155 4384 284 4444 mr,
292 4392 319 4434 et
330 4382 446 4435 Oudend.
455 4384 526 4439 ntulit
534 4384 683 4451 mutabat·
729 4384 827 4437 sicud
836 4382 933 4435 sanctii
943 4382 1086 4435 Mtnerssru
1095 4387 1120 4442 2,
1131 4388 1155 4431 5.
