2909 4809
418 274 506 345 ms.
529 275 574 343 V.
618 274 721 343 OAP.
748 272 902 345 14-17.2
1144 274 1203 347 los

111 460 262 553 pertibus
274 461 455 552 superiores
467 462 589 530 fuerint
602 475 703 552 atque
715 486 769 530 eos
781 463 814 529 iu
827 462 922 540 silvas
936 461 1098 551 collesque
1110 467 1202 531 osm·'
1256 534 1259 541 Δ

111 548 259 638 pulei-int
268 570 284 619 ε,
301 550 356 615 sed
368 550 592 639 compluribus
601 550 788 626 interfectis,
801 549 949 638 cupidius
963 551 1108 626 insecuti,
1121 574 1200 620 non·
1225 547 1228 555 ’

112 635 221 700 nullos
234 659 275 700 ex
288 636 352 701 suis
371 638 554 703 amiserunt.
601 640 648 702 At
668 638 729 714 illi,
750 637 929 704 intermisso
948 636 1066 726 spatio,
1087 638 1200 727 inpru'·

111 722 266 789 dentibus
287 724 416 789 nostriso
431 738 531 811 atque
554 726 722 814 occupatis
746 726 778 791 in
802 724 985 791 ¹munitione
1009 737 1200 799 castrorum,
1221 720 1228 730 ’

112 808 225 874 subito
238 834 273 874 se
285 833 326 874 ex
339 810 426 876 silvis
440 812 603 899 eiecerunt
616 812 794 899 inpetuque
808 812 841 877 in
855 834 909 877 eos
923 811 1021 885 facto,
1037 810 1094 897 qui
1108 825 1201 877 eraut

110 896 146 960 in
159 898 300 962 statione
315 920 376 984 pro
389 898 501 963 castris
518 898 689 973 conlocati,
709 899 828 963 acriter
849 910 1092 985 pugnaverunt:
1122 896 1201 962 dua·

112 981 240 1067 busque
252 984 353 1048 missis
365 984 506 1049 subsidio
521 984 707 1050 cohortibus
717 1010 737 1049 a
753 985 890 1059 Cessare,
910 982 1073 1070 atque'his
1088 983 1202 1071 primis

111 1068 277 1155 legionum
287 1068 436 1146 due'rum,
451 1070 552 1157 quum
561 1071 620 1147 ha,
633 1071 810 1160 perexiguo
823 1070 1001 1136 intermisso
1016 1070 1078 1136 loci
1093 1069 1200 1158 spatio

113 1155 199 1221 inter
210 1180 256 1230 se,
270 1158 495 1232 constitissent,
516 1181 601 1223 novo
615 1181 731 1246 genere
746 1180 864 1247 pugnas
879 1156 1061 1245 perterritis
1073 1157 1201 1232 nostris,
1225 1159 1227 1165 ’

113 1264 174 1329 per
195 1242 316 1310 medios
337 1244 541 1309 audacissime
567 1258 799 1333 perruperunt,
822 1267 919 1353 seque
940 1244 1019 1330 iude,
1027 1244 1201 1309 incolumes

112 1342 317 1417 receperunt.
361 1330 411 1395 Eo
423 1331 477 1396 die
492 1332 533 1405 Q.
552 1330 708 1397 laberius
723 1332 847 1405 Durus,
873 1329 1031 1397 Tribunus
1047 1330 1200 1405 militum,

112 1415 318 1499 interficitur.
365 1416 430 1492 llli,
446 1418 597 1505 pluribus
609 1418 741 1483 inmimis
755 1416 954 1492 cohortibus,
970 1440 1005 1482 re
1048 1416 1186 1481 lluntur.

163 1503 213 1566 lt.
238 1501 324 1568 Toto
346 1502 454 1569 hocin
469 1526 584 1592 genere
599 1528 727 1593 pugnae,
744 1527 846 1591 quum
861 1503 922 1569 sub
943 1526 1004 1569 ocu
1018 1502 1045 1567 is
1058 1504 1201 1569 omnium

113 1612 151 1652 ac
167 1612 231 1677 pro
244 1590 356 1654 castris
367 1590 587 1666 dimicaretur,
612 1591 812 1657 intellectum
832 1603 891 1665 est,
915 1602 1040 1655 nostros
1064 1602 1202 1677 propter

113 1677 309 1763 gravitatem
323 1691 506 1752 armaturas,
521 1679 610 1764 quod
624 1700 728 1764 neque
749 1677 871 1763 insequi
889 1675 1036 1741 cedentes
1059 1684 1200 1762 possent,
1276 1718 1280 1739 ι

112 1784 218 1850 neque
232 1763 275 1826 ab
288 1761 387 1850 signis
398 1762 739 1838 memere‘suderent,
753 1764 856 1829 minus
869 1776 1039 1851 aptosesse
1052 1762 1093 1826 sd
1107 1759 1202 1911 huqus
1238 1827 1239 1830 ,

111 1850 241 1999 generis
254 1848 397 1923 hostem3
419 1850 543 1936 equites
562 1863 671 1915 autem
691 1872 808 1938 magno
829 1872 902 1913 cum
923 1847 1070 1999 qericulo
1085 1870 1156 1935 proe
1170 1847 1201 1913 io
1306 1866 1307 1869 ’
1411 1882 1418 1891 ’

136 1935 277 2010 micare,
289 1950 464 2023 propterea
477 1937 564 2023 quod
579 1937 626 2002 illi
640 1937 737 2001 etiam
751 1936 898 2001 consulto
911 1958 934 2023 p
947 1956 1103 2020 erumque
1113 1932 1202 1999 cede-

112 2034 186 2086 rent
201 2036 247 2096 et,
263 2046 364 2108 quum
380 2023 525 2110 paullum
538 2023 583 2087 ab
595 2023 775 2110 legionibus
789 2036 915 2089 nostros
929 2020 1146 2095 removissent,
1161 2042 1202 2085 ex

114 2108 229 2173 mdis
254 2108 418 2174 desilirent
443 2122 478 2175 et
503 2110 639 2208 pedibus
663 2109 784 2197 dispari
813 2107 930 2209 proelio
959 2107 1199 2174 contenderent.

116 2193 286 2280 Equestris
299 2209 407 2261 autem
424 2196 531 2283 proelii
544 2196 628 2262 ratio
648 2208 681 2261 et
700 2196 938 2262 cedenubuset
962 2193 1202 2280 insequentibus
1246 2210 1249 2217 '

116 2303 177 2367 par
197 2295 299 2367 atque
323 2282 406 2346 idem
428 2282 609 2383 pericnlum
635 2282 803 2347 inferebat.
848 2278 1033 2346 Accedebat.
1058 2280 1132 2356 huc,
1151 2292 1201 2354 ut,

114 2389 290 2454 numquam
304 2369 519 2442 conlert1,sed
536 2369 599 2434 rari
620 2368 807 2456 magnisque
822 2366 998 2435 intervallis
1017 2367 1202 2467 proeliaren-

114 2466 171 2517 tur
185 2454 401 2541 stationesque
415 2454 585 2546 dispositas
602 2454 756 2520 habereut
773 2468 871 2541 atque
890 2453 970 2519 alios
984 2453 1040 2517 ahi
1053 2452 1202 2541 deinceps

113 2540 183 2605 exci
226 2555 299 2605 rent
314 2541 496 2629 integrique
510 2553 698 2607 et'reccntes
710 2540 895 2629 defatigatis
906 2540 1140 2605 succederent.v
1192 2568 1200 2583 ν
1229 2560 1231 2567 ’

163 2628 175 2690 l
205 2672 213 2687 .
242 2627 376 2692 Postero
388 2627 570 2716 disprocul
583 2652 603 2691 a
616 2629 728 2694 castris
740 2626 845 2693 hostes
858 2628 891 2691 in
905 2626 1042 2693 collibus
1053 2626 1202 2691 constite-

113 2725 193 2777 runt
221 2714 350 2799 rarique
371 2738 404 2779 se
428 2714 594 2779 ostendere
618 2728 652 2780 et
676 2714 788 2788 lenius,
810 2735 908 2799 quam
935 2711 1052 2800 pridie,
1076 2724 1201 2777 nostros

113 2800 240 2885 equites
266 2801 383 2887 proelio
409 2800 560 2881 lacessere
589 2815 769 2889 coeperunt.
831 2798 911 2865 sed.
927 2798 1069 2872 meridie,
1100 2820 1202 2884 quum

113 2886 225 2952 Caesar
240 2887 416 2975 pabulandi
423 2911 531 2953 caussa
542 2900 608 2952 tres
620 2888 759 2975 legiones
770 2884 874 2973 atque¹
884 2896 1008 2949 omnem
1061 2882 1202 2950 uitatum

112 2996 188 3038 cum
206 2973 246 3037 C.
263 2972 425 3039 Trebonio
441 2973 564 3060 legato
578 2975 722 3048 misisset,
747 2985 879 3073 repente
901 2994 941 3036 ex
961 2907 1109 3036 omriibus
1124 2993 1201 3071 par·

113 3060 201 3125 tibus
215 3060 258 3124 ad
272 3060 480 3146 pabulatores
493 3060 738 3133 advolaverunt,
758 3084 814 3134 src,
837 3059 885 3124 uti
901 3058 943 3123 ab
956 3057 1053 3157 signis
1069 3057 1201 3144 legions·
1312 3132 1317 3141 .

112 3146 242 3232 busque
256 3168 321 3212 non
333 3146 534 3211 absisterent.
582 3146 707 3220 Nostri,
722 3147 841 3210 acriter
858 3145 890 3209 in
904 3167 957 3210 eos
973 3156 1085 3230 inpetu
1103 3144 1200 3218 facto,

112 3232 318 3320 repulerunt,
336 3255 440 3319 neque
456 3232 551 3298 finem
571 3232 723 3319 sequendi
748 3233 906 3305 fecerunt,
928 3228 1036 3315 quoad
1058 3226 1202 3294 subsidio

111 3316 221 3384 conlisi
246 3319 381 3405 equites,
401 3342 504 3405 quum
528 3333 602 3407 post
623 3343 655 3384 se
678 3318 819 3407 legiones
840 3316 996 3390 viderent,
1020 3314 1203 3402 praecipites

147 3538 264 3597 Interes,
274 3543 367 3589 consen.
383 3538 466 3600 Vulgo
477 3538 542 3587 male
554 3535 630 3586 inter·
713 3536 806 3585 Prelio
826 3534 954 3583 dioscore.
994 3530 1115 3591 Restituit
1135 3530 1203 3579 Oud.

112 3613 226 3665 pungunt
236 3606 412 3652 anteimerse.
679 3616 711 3651 ex
728 3600 804 3649 codd.
823 3606 848 3647 et
865 3598 922 3647 edd.
942 3604 992 3645 vet.
1026 3595 1066 3645 Sic
1079 3603 1103 3645 et
1119 3598 1143 3655 6,
1164 3598 1202 3661 rt.

147 3670 327 3729 panepenna.
360 3667 595 3729 Atiipmrupmm.
682 3668 723 3715 ιι.
1192 3713 1195 3725 ,

149 3734 179 3785 Q·
193 3732 324 3781 mseras.
356 3732 522 3781 SLcGraecus.
538 3732 632 3780 Contra
715 3732 844 3793 Equestris
859 3728 950 3790 prelii,
967 3741 1019 3788 quo
1034 3724 1133 3799 equites
1142 3738 1201 3773 cum

114 3794 214 3853 Celsus,
226 3794 341 3856 Orosius,
352 3796 483 3846 Frecullus
497 3797 632 3846 Labienus.
681 3793 810 3858 equitibus
818 3790 957 3841 certabant.
981 3790 1127 3863 Oppositus
1137 3804 1202 3853 γνω-

117 3859 304 3910 Variantcodd.
315 3871 341 3910 et
350 3863 408 3911 edd.
421 3869 473 3910 vet.
682 3862 715 3909 lio
726 3860 832 3921 alienari,
848 3870 905 3904 cum
922 3854 998 3925 pedes
1010 3852 1126 3917 confligit
1143 3868 1202 3902 cum

148 3926 323 3975 resonasset.
340 3926 553 3984 sliinstmtsm„
682 3924 775 3989 equite.
798 3924 834 3969 M.
993 3982 998 3992 Ι
1241 3928 1246 3938 ·

149 3994 337 4053 Acpsocastris.
352 3990 634 4053 Oudhocscilpugns,
716 3986 817 4039 Lenius.
829 3984 925 4033 minore
935 3984 1028 4032 studio.
1054 3984 1204 4040 Alledius,

115 4056 182 4117 quod
195 4056 277 4104 mium
288 4058 381 4120 placet.
408 4054 644 4122 lnsliisesparti-·
681 4053 749 4116 quod
762 4051 1008 4114 interpretamentum
1020 4056 1068 4098 est.
1094 4048 1132 4098 M.
1160 4046 1201 4119 Sic

116 4120 263 4169 culedeest.
681 4121 767 4167 leniter
777 4119 813 4163 ire
824 4116 876 4162 Alr.
886 4130 910 4161 c.
922 4114 946 4161 6.
1130 4164 1132 4169 ,

150 4187 304 4235 Armorum.
346 4184 388 4234 Sic
417 4183 478 4233 boni
507 4186 581 4233 codd.
608 4193 641 4251 et,
716 4180 815 4241 Quoad,
828 4178 992 4228 iedo'nec.
1009 4178 1088 4229 Codd.
1102 4186 1128 4227 et
1143 4177 1202 4226 edd.

116 4249 177 4297 edit.
195 4250 266 4298 Rob.
284 4249 371 4315 Steph.
386 4251 486 4300 Graecus
502 4250 578 4301 etiam
594 4248 635 4319 ξπ·
683 4255 735 4298 vet.
747 4262 804 4311 quo.
815 4243 975 4294 nulloseusu.

118 4312 200 4369 fleus-
226 4312 309 4379 Vulgu
319 4330 459 4367 mmm.
496 4316 500 4326 '
