2909 4809
235 261 303 333 494
403 251 1167 330 A.H1RT11DRBELLOAFR10ANO.
1240 266 1251 296 ⁸

237 451 420 542 pollicetur.
467 451 574 520 Cur
590 451 684 540 jubet
706 449 823 517 milites
844 469 956 517 rursus
977 449 1018 516 sd
1040 471 1123 540 opus
1148 445 1259 515 redire
1291 455 1347 523 et,

237 563 299 640 per
312 561 455 605 mnam
475 540 700 615 munitionum,
727 537 846 604 tirones
871 537 904 604 in
930 538 1042 604 labore
1067 537 1251 625 defatigare
1273 555 1346 600 non

238 627 435 693 murmittit.
481 626 615 692 Interim
637 625 788 693 Numidae
813 623 999 713 Gaetulique
1016 623 1173 712 diffirgere
1188 623 1346 712 quotidie

237 737 278 780 ox
289 715 404 780 cestris
415 715 574 818 Scipionis
587 726 633 790 et,
649 713 768 804 portim
792 712 825 778 in
849 712 999 801 Regnum
1023 711 1236 788 reconferre,
1258 733 1344 862 ffi.

173 858 177 866 .
237 799 308 878 tim,
349 800 415 866 uod
428 801 487 890 ipsr
502 802 701 890 msjoresque
721 823 834 866 eorum
852 799 1005 866 beneficio
1022 799 1061 865 O.
1080 797 1240 864 Mariiusi
1300 798 1307 812 “

238 901 309 957 sent
323 825 546 976 diametrique
560 887 628 976 ejus
642 887 781 955 adfinem
795 909 862 954 esse
877 885 1063 962 audiebant,
1088 885 1121 950 in
1141 887 1209 973 eius
1229 896 1343 949 eastre

165 1009 168 1016 ·
239 977 412 1065 pertingere
438 977 632 1041 ostervstim
657 997 720 1042 non
748 974 976 1042 intermittunt.
1034 974 1183 1050 Quorum
1209 995 1251 1038 ex
1279 993 1342 1038 nu·

237 1064 327 1129 meio
340 1063 450 1129 electis
464 1061 642 1129 horninibus
661 1061 911 1138 inlustrioribus,
929 1059 1077 1136 Gsetulis,
1101 1070 1136 1126 et
1157 1057 1278 1126 litteris
1298 1059 1344 1126 sd

238 1160 311 1216 'suos
324 1152 408 1215 eires
417 1149 516 1226 detis,
532 1149 732 1224 cohortatus,
749 1150 797 1214 uti
812 1171 908 1214 menn
924 1150 1010 1213 facts
1022 1173 1056 1213 se
1072 1171 1212 1234 suosque
1227 1147 1342 1212 defen-

237 1237 354 1302 derent
381 1249 428 1313 et,
456 1258 498 1301 ne
524 1238 587 1303 suis
616 1233 747 1303 inimicis
771 1235 1024 1325 adversariisque
1051 1235 1140 1301 dioto
1167 1233 1342 1300 audientes

238 1337 354 1400 essent,
367 1323 480 1390 mittit.

282 1412 337 1476 33.
362 1411 451 1478 Dum
473 1410 540 1478 haeo
552 1411 595 1478 sd
610 1411 679 1476 Rus
702 1413 787 1477 inem
809 1410 904 1484 fiunt,
927 1408 1028 1498 legati
1046 1433 1086 1474 ex
1105 1407 1246 1483 Achilla,
1262 1407 1344 1474 oiri·

239 1509 309 1566 tote
343 1498 457 1577 libers,
490 1501 586 1566 etism
619 1522 663 1566 un
689 1501 763 1589 'qus
795 1498 836 1564 sd
866 1497 1023 1564 Caesarem
1052 1497 1199 1571 veniunt,
1237 1519 1342 1584 seque

240 1599 264 1630 ‘⁴
281 1601 421 1678 pemmo,
436 1610 648 1678 quoecumque
663 1588 848 1676 imperasset
864 1597 897 1651 et
912 1584 1027 1650 libenti
1045 1585 1151 1650 animo
1174 1584 1343 1650 facturo?

141 1835 145 1844 .
181 1836 184 1849 ,
239 1789 403 1850 msirerbi
419 1790 460 1840 tis
475 1799 612 1856 spectetur,
636 1806 693 1856 quse
708 1803 760 1838 non
810 1785 1178 1849 tm--cuiscnsrdusffltm
1197 1785 1255 1835 mil.
1276 1782 1338 1835 vor.

239 1857 508 1915 eommunisstureom
519 1858 644 1916 hostibus,
655 1858 681 1907 h.
692 1872 715 1904 e.
728 1855 762 1904 iis
811 1859 836 1904 2.
848 1869 874 1918 p.
884 1857 941 1902 221.
952 1853 993 1901 vel
1004 1851 1036 1900 Τ.
1048 1855 1072 1900 2.
1085 1867 1110 1915 p.
1122 1853 1170 1901 804
1181 1852 1234 1914 Jex
1246 1851 1338 1918 ipsane

239 1935 290 1972 nou
300 1921 433 1988 contingit,
446 1938 493 1974 nec
504 1923 649 1998 contingere
661 1929 760 1988 potesta
811 1935 841 1968 sc
863 1919 959 1971 ratione
978 1917 1088 1974 itineris,
1107 1919 1177 1980 quod
1198 1917 1340 1970 considis·

241 1985 263 2034 si
283 2001 323 2034 res
339 1997 365 2036 et
381 2004 476 2048 sensus,
494 1987 761 2053 intelligiturea,quoe
812 1983 861 2033 hoc
883 1983 968 2047 capite
990 1985 1128 2032 Adrumeto
1148 1982 1280 2034 Achillem
1301 1983 1339 2032 ie·

239 2049 315 2100 uobis
330 2053 395 2118 eripi
413 2067 464 2101 non
486 2061 576 2117 potest,
596 2053 671 2118 eujus
690 2065 762 2114 spem
811 2049 877 2098 cisse
887 2049 988 2108 dicitur,
1007 2057 1092 2112 negat,
1110 2047 1180 2098 illum
1200 2047 1336 2098 Achollsm

238 2115 302 2170 alter
311 2117 404 2168 tubere
413 2133 464 2168 uos
472 2127 563 2181 potest,
571 2119 681 2181 ideoque
687 2116 763 2165 nobis
812 2114 942 2164 strabonis
957 2131 1030 2177 posse
1043 2113 1069 2162 h.
1082 2113 1100 2162 l.
1113 2112 1233 2176 intelligi.
1251 2111 1338 2176 Adpa-

241 2191 308 2232 eerts
319 2184 492 2248 etexplorsts.
508 2183 549 2232 Sic
559 2187 657 2248 cepti
670 2182 766 2249 pondi·
812 2180 948 2230 rebeliem
970 2195 985 2228 e
1006 2193 1065 2242 osp.
1086 2181 1129 2237 48,
1157 2178 1289 2228 Achillam
1313 2187 1339 2228 et

240 2247 763 2324 umproprium,qoodnobistentumoon-
811 2245 974 2296 Adrumetum
997 2244 1072 2308 louge
1094 2243 1194 2296 dissitos
1216 2243 1297 2294 luisse
1312 2253 1338 2294 et

240 2309 326 2374 tingit,
346 2311 419 2375 eujus
436 2328 486 2363 noo
506 2321 590 2376 potest
605 2314 669 2361 alter
686 2311 764 2375 psrti·
812 2309 939 2360 Achillem
953 2307 1274 2376 invicinis'l'hopsiquaeri
1286 2321 1336 2357 non

240 2389 302 2438 seps
320 2375 383 2426 ueri.
409 2377 466 2428 Erit
481 2377 763 2441 ergointeniumidem,
812 2387 899 2438 posse.
921 2375 960 2424 Μ.
995 2375 1028 2424 Ni
1047 2375 1131 2434 isllor,
1152 2373 1274 2424 succurrit
1292 2371 1336 2422 hio

239 2441 309 2504 quod
327 2449 495 2506 perpetuum
514 2445 558 2492 sed
580 2459 661 2508 oeque
682 2443 707 2493 io
730 2457 766 2503 se,
814 2439 1294 2504 Pliniuso,s.quiproeuls'1¹rnpso
1311 2440 1336 2490 io

241 2503 313 2571 qussi
334 2505 389 2556 hee
417 2515 482 2556 esset
506 2503 656 2571 significatio
684 2506 765 2566 verbi,
814 2505 955 2571 Zeugitsns
964 2505 1068 2570 triginta
1080 2505 1169 2556 liberis
1179 2504 1284 2572 oppidis
1293 2505 1338 2554 sd·

185 2587 190 2596 ·
241 2585 324 2636 seque
335 2571 572 2622 omnibosiolocis.
596 2574 635 2623 Μ.
812 2580 899 2632 censet
917 2573 1080 2622 Acotrransm.
1108 2571 1195 2620 ruem
1212 2586 1272 2636 ergo
1291 2571 1336 2618 du-

277 2637 403 2688 umus.
432 2639 605 2690 Hsoorooem
619 2639 765 2702 glossede-
813 2633 988 2701 pieerhsilo
1003 2651 1023 2685 s.
1036 2635 1136 2686 Aemus
1151 2635 1336 2699 (nemetspod

242 2699 298 2750 beri
309 2711 383 2766 putst
394 2705 480 2754 Deris.
490 2705 723 2768 desumtomecsp.
734 2706 765 2751 35
813 2701 916 2751 Livium
948 2701 1077 2765 legebatur
1109 2704 1190 2764 Acuta
1215 2711 1242 2752 et
1266 2701 1335 2765 epod

242 2776 267 2815 et
278 2769 319 2816 61.
429 2805 433 2812 .
478 2805 483 2814 .
814 2769 901 2832 Stepb.
914 2767 1033 2834 Aphytis)
1049 2765 1275 2828 alumssnhonis
1292 2767 1335 2816 Li-

254 2834 258 2845 '
278 2833 398 2897 Beneficio
413 2835 442 2885 C.
452 2833 540 2894 Marii,
554 2833 580 2882 in
590 2833 662 2885 bello
673 2833 766 2897 Jugur·
813 2831 858 2893 vii,
871 2831 911 2880 Ste
932 2830 990 2880 bani
1007 2831 1062 2882 ins
1078 2832 1141 2883 rtics
1151 2839 1176 2880 et
1189 2831 1334 2898 Byzacens3

243 2896 328 2949 thium
339 2901 472 2953 Celtoss'ss.
494 2899 570 2950 Coos.
581 2915 639 2963 esp.
651 2903 691 2947 86.
709 2901 749 2947 Μ.
813 2899 891 2948 sltsrs
923 2897 1007 2947 esuris
1015 2906 1041 2950 st
1053 2847 1130 2947 liiinii
1142 2895 1168 2948 io
1179 2897 1333 2960 Zeugitsos3

278 2963 400 3023 Adfimm.
415 2964 448 3014 V.
459 2964 527 3014 Plus.
540 2965 565 3014 iu
577 2964 659 3016 Morio
671 2981 695 3014 c.
708 2966 765 3014 liet
814 2963 861 3014 ists
869 2963 895 3013 in
908 2963 1007 3022 littores
1020 2960 1112 3014 hee‘in
1124 2962 1243 3016 interiore
1252 2963 1334 3026 plsgs.

244 3022 378 3076 incasso.
393 3029 415 3077 l.
444 3029 579 3079 Meierem
589 3027 767 3093 negatCelsus
814 3021 876 3080 lloee
896 3027 951 3088 erit,
968 3043 1019 3092 qus
1038 3029 1137 3078 deserte
1157 3044 1201 3092 per
1221 3029 1334 3092 Regnum

245 3093 340 3155 pm.
814 3093 889 3144 tube
902 3093 1065 3142 Adrumetum
1083 3109 1109 3141 se
1127 3091 1253 3158 recepisse
1269 3091 1334 3160 Con·

277 3159 367 3208 Euae
376 3157 442 3210 m·
453 3161 553 3211 rums.
564 3161 677 3214 aaron.
702 3159 767 3208 Ver·
814 3158 894 3212 sidius
905 3159 1023 3208 scribitur
1033 3175 1056 3208 e.
1068 3161 1109 3208 48.

243 3219 306 3270 burn
332 3222 452 3273 ultimum
477 3224 622 3273 deleverim.
654 3225 766 3274 Omnino
849 3227 935 3274 Euam
952 3225 1071 3290 undique.
1106 3223 1190 3274 Nimis
1210 3224 1266 3272 lsxe
1286 3223 1333 3273 boo

245 3287 321 3338 oodd.
331 3296 357 3336 et
367 3289 425 3338 edd.
435 3289 543 3339 muitum
558 3291 668 3349 varium,
686 3287 766 3338 veluti
815 3291 914 3339 dictum
926 3287 1024 3338 videtur
1033 3289 1100 3338 Phil.
1111 3287 1232 3338 Rubeoio
1242 3287 1335 3350 (Eleos.

242 3352 287 3416 qui
298 3353 474 3417 prosblstisis
487 3355 567 3404 semel
582 3355 705 3404 exhibent
722 3369 768 3404 sc·
816 3361 840 3415 2,
852 3356 896 3415 4):
919 3353 968 3403 'nee
986 3353 1071 3403 Fulvii
1092 3351 1176 3403 Ursini
1198 3355 1288 3413 codex,
1309 3353 1333 3404 io

244 3416 396 3474 cuntium,
413 3427 458 3468 sut
477 3423 561 3470 eleetos
582 3422 700 3480 homos,
721 3429 767 3470 eut
832 3436 866 3468 uo
887 3426 910 3468 et
929 3425 989 3483 jam
1010 3419 1109 3484 legitur,
1135 3433 1189 3468 rem
1215 3419 1334 3485 explieat.

242 3485 358 3532 inim
378 3487 487 3543 Getulos,
507 3495 535 3534 ut
553 3485 593 3544 (id
613 3487 683 3548 qood
704 3484 769 3533 vidit
813 3439 977 3549 buaproprer
992 3485 1097 3548 conjicit
1111 3483 1335 3546 Rubeniusettn-

207 3555 210 3574 '
245 3546 326 3609 Ouo.)
342 3549 446 3610 Syntsxi
467 3558 648 3600 succurrerent.
670 3549 768 3610 lectio,
814 3548 1040 3614 nunilegendom.
1065 3551 1157 3602 cellar.
1177 3547 1334 3616 ProbutJ'ore

244 3629 261 3664 s
271 3611 327 3664 viro
336 3612 383 3664 illo
392 3615 590 3680 doctorecepts,
600 3624 639 3664 est
650 3615 675 3664 iu
685 3615 768 3664 tribus
816 3613 932 3664 Oudend.

244 3680 320 3727 oodd.
341 3679 424 3729 bonis.
444 3682 484 3730 Μ.
515 3681 611 3730 Similis
630 3680 766 3730 verborum
849 3683 966 3731 Porotot.
978 3681 1065 3730 Piseet
1075 3679 1172 3730 Davisii
1183 3679 1332 3744 conjecturs,

244 3749 369 3795 metor·
377 3748 411 3797 G.
422 3748 447 3805 ’1,
458 3748 492 3794 4ι
508 3755 535 3794 et
543 3763 619 3810 supra
628 3761 652 3796 e.
663 3749 701 3794 18.
814 3753 913 3810 parato,
922 3746 1077 3796 otsdom'mo
1087 3747 1215 3796 referatur.
1227 3747 1266 3794 Μ.
1278 3745 1334 3795 Per-

278 3811 384 3859 Ache'llo.
413 3811 542 3874 Nusquam
562 3812 637 3877 hujus
654 3811 768 3861 nominis
816 3825 899 3875 perum
911 3817 974 3860 teste
985 3811 1149 3860 Ood.omnes
1159 3811 1234 3862 codd.
1244 3807 1334 3864 hebent

244 3872 450 3938 eivitsssdpsset
466 3875 492 3926 io
508 3877 604 3926 Airies.
634 3878 692 3926 Non
703 3891 765 3940 ergo
811 3885 923 3941 parator.
945 3875 1130 3926 Pisniuscerte
1146 3877 1224 3926 fuerit
1272 3885 1333 3926 roto.

245 3938 470 4001 dubimnteruditi,
486 3955 542 3991 esse
559 3945 691 3992 Acholium
702 3943 766 3992 stru·
815 3941 971 3991 Sedllirtios
980 3942 1055 3992 etism
1065 3941 1096 3991 G.
1108 3945 1184 4002 8,18.
1196 3941 1230 3992 hs
1265 3945 1335 3992 taso-

244 4001 320 4057 bonis
328 4005 390 4064 trit:
401 4008 440 4054 rt.
452 4023 479 4070 p.
493 4010 562 4068 orl),
571 4006 639 4058 Livii
648 4009 703 4069 (88,
715 4009 767 4070 ⁴8),
816 4024 857 4056 nso
865 4010 952 4072 parati
961 4015 986 4056 et
996 4009 1036 4057 sl.
1048 4013 1090 4056 45.
1104 4009 1223 4072 passum
1236 4011 1333 4056 ammte.

215 4081 218 4084 ’
245 4067 374 4132 Stephani,
387 4070 413 4119 iu
424 4075 514 4121 eodem
523 4072 596 4122 litore
614 4073 699 4133 sitem,
713 4079 766 4138 'quo
815 4081 841 4120 et
856 4072 918 4121 inire
930 4088 952 4122 c.
964 4073 1006 4120 41.
1022 4077 1146 4136 paratum
1163 4079 1229 4122 serto
1243 4075 1332 4122 anino.

245 4133 479 4200 Ruspios,1.eptis,
494 4137 621 4220 Thspms.
652 4138 768 4198 moedis,
815 4138 897 4186 iorssn
918 4138 1049 4187 innostro
1068 4139 1128 4189 ioco
1148 4135 1293 4203 conjonctio
1310 4145 1331 4186 et

151 4215 153 4219 ’
242 4201 311 4262 quod
330 4207 357 4250 et
372 4201 463 4250 stabo
480 4203 597 4270 Ιλιυθιρι
613 4203 678 4251 αὖλιν
696 4203 768 4253 dicit.
813 4203 950 4270 rejiciendo
959 4203 1032 4256 soret.

246 4265 340 4315 ceum.
368 4263 396 4317 lo
411 4265 563 4329 quibuom
575 4267 633 4320 edd.
649 4271 768 4320 estAos'i·
826 4283 828 4290 ·
