2909 4809
472 284 562 364 LIB.
584 294 614 364 1.
659 295 764 365 oAP.
785 300 842 379 30,
863 302 922 385 31!
1207 308 1253 375 23

190 476 245 549 31.
269 477 320 550 Eu
346 480 483 551 concilio
506 482 648 565 dimisso,
673 486 769 554 iidem
793 484 956 579 principes
981 488 1164 569 civitatum,
1191 490 1253 597 qui

145 580 221 636 ante
236 570 366 637 fuerant
385 570 426 638 ad
442 572 613 651 Caesarem,
630 586 846 651 reverterunt,
867 579 1107 669 petieruntque,
1123 577 1173 647 uti
1187 580 1253 648 sibi

146 668 272 724 secreto
294 658 470 726 inocculto
493 654 534 725 de'
557 682 615 726 sua
637 660 847 749 omniumque
868 666 971 728 salute
992 688 1067 732 cum
1092 692 1131 733 eo
1153 688 1252 757 agere

146 744 272 810 liceret.
317 746 366 813 Ea
382 770 418 812 re
441 746 616 836 inpetrata,
636 772 702 813 sese
716 771 825 813 omnes
839 746 951 813 flentes
965 750 1084 818 Caesari
1098 754 1139 820 ad
1154 756 1252 845 pedes

148 832 373 921 projecerunt:
398 842 421 874 ⁴‘
434 834 510 899 Non
523 835 628 900 minus
639 860 672 901 se
684 834 718 900 id
730 832 921 900 contendere
932 844 966 898 et
976 835 1137 917 laborare,
1149 866 1189 907 ne
1200 866 1253 920 ea,

147 930 171 959 “
188 942 263 1007 quae
277 918 441 995 dixissent,
460 922 721 997 mundarentur,
749 944 848 1009 quam
872 920 922 986 uti
947 944 996 995 ea,
1019 948 1092 1012 quae
1116 928 1264 1005 vellent,-

148 1012 172 1047 “
189 1006 403 1096 inpetrarent,
418 1020 595 1097 propterea
609 1006 710 1097 quod,
724 1008 751 1073 si
763 1008 970 1073 enunciatum
983 1022 1077 1086 esset,
1090 1038 1254 1083 summum

148 1102 172 1133 ‘⁸
188 1090 222 1158 in
249 1094 428 1160 cruciatum
454 1118 487 1159 se
501 1108 655 1161 venturos
669 1094 848 1161 viderent.”
891 1090 1036 1159 Locutus
1058 1111 1108 1165 est
1127 1126 1190 1191 pro
1204 1102 1254 1169 his

149 1178 333 1246 Divitiacus
364 1180 506 1248 AEduus:
547 1193 569 1223 “
588 1180 705 1247 Galliae
736 1182 838 1247 totius
871 1180 1025 1247 factiones
1056 1208 1122 1250 esse
1146 1188 1252 1255 duas:

149 1276 173 1308 ‘⁸
188 1264 304 1333 barum
326 1266 460 1347 alterius
488 1268 709 1359 principatum
736 1282 845 1335 tenere
869 1266 1005 1342 AEduos‚
1032 1269 1165 1339 alterius
1190 1276 1254 1340 Ar-

148 1364 172 1395 “
189 1378 314 1421 vernos.
362 1354 409 1421 Hi
447 1379 526 1422 uum
541 1368 712 1447 tantopere
733 1356 774 1422 de
789 1366 963 1445 potentatu
987 1354 1072 1420 inter
1086 1380 1119 1423 se
1133 1360 1254 1429 multos

150 1446 174 1481 ‘⁴
189 1464 288 1509 annos
303 1380 544 1519 contenderent,
556 1442 678 1509 factum
692 1466 770 1521 esse,
785 1442 836 1508 uti
854 1442 897 1508 ab
912 1442 1068 1509 Arvernis
1084 1444 1253 1534 Sequanis·
1270 1520 1273 1527 ¹

150 1538 253 1631 “que
275 1530 431 1595 Germani
454 1530 597 1596 mercede
620 1540 867 1597 arcesserentur.
915 1528 1044 1595 Horum
1065 1532 1173 1620 primo
1192 1535 1280 1601 cir·¹

149 1622 173 1657 “
189 1626 270 1681 citer
292 1616 382 1682 milia
403 1614 468 1681 XV
492 1613 642 1683 Rhenum
668 1618 830 1685 transisse:
864 1627 1076 1707 posteaquam
1098 1642 1194 1707 agros
1220 1636 1255 1689 et

148 1712 173 1744 “
188 1704 315 1769 cultum
329 1716 363 1769 et
377 1703 487 1793 copias
500 1704 672 1771 Gallorum
686 1704 829 1771 homines
844 1702 905 1769 feri
919 1728 956 1769 ac
967 1702 1100 1769 barbari
1114 1704 1254 1775 adamas-

148 1800 173 1831 “
188 1804 270 1867 sent,
294 1790 498 1857 transductus
513 1790 639 1881 plures:
664 1816 750 1858 nunc
770 1816 835 1858 esse
859 1790 892 1856 in
909 1790 1018 1856 Gallia
1041 1790 1083 1855 ad
1098 1791 1126 1855 C
1143 1804 1177 1857 et
1191 1793 1255 1863 XX

148 1884 173 1918 “
189 1877 314 1943 milium
328 1900 513 1944 numerum:
538 1902 613 1944 cum
627 1876 675 1945 his
688 1878 812 1945 AEduos
823 1900 1002 1965 eorumque
1015 1876 1147 1942 clientes
1158 1882 1255 1947 semel

149 1976 173 2005 ‘¹
188 1978 223 2029 at
248 1988 289 2029 ue
323 1964 442 2030 iterum
477 1966 574 2031 armis
606 1966 822 2041 contendisse;
859 1986 1009 2053 magnam
1037 1964 1254 2035 calamitatem

149 2057 172 2093 “
189 1990 300 2141 plllsos
331 2052 501 2141 accepisse,
531 2075 657 2119 omnem
693 2052 909 2127 nobilitatem,
941 2074 1068 2116 omnem
1096 2064 1255 2131 senatum,

147 2150 171 2181 ‘¹
188 2162 315 2205 omnem
329 2138 512 2227 equitatum
526 2139 674 2205 amisisse.
721 2140 850 2216 Quibus
864 2138 989 2229 proeliis
1003 2138 1242 2206 calamitatibus

147 2236 172 2267 “
188 2250 252 2315 que
268 2226 399 2302 fractos,
423 2227 481 2314 qui
504 2238 537 2292 et
560 2250 618 2291 sua
632 2226 756 2293 virtute
772 2238 806 2292 et
823 2224 943 2327 Populi
958 2224 1098 2291 Romani
1112 2225 1255 2315 hospitio

147 2322 170 2355 ‘⁶
186 2326 287 2402 atque
301 2312 442 2380 amicitia
457 2312 635 2403 plurimum
650 2327 725 2379 ante
740 2314 773 2381 in
790 2310 900 2378 Gallra
919 2312 1113 2402 potuissent,
1128 2327 1256 2381 coactos

147 2410 173 2442 “
188 2424 254 2465 esse
278 2398 437 2489 Sequanis
460 2398 585 2467 obsides
607 2401 697 2477 dare,
722 2400 935 2467 nobilissimos
949 2400 1102 2475 civitatis,
1117 2412 1151 2466 et
1167 2401 1255 2490 jure-

147 2486 323 2576 “jurando
346 2488 512 2553 civitatem
535 2488 750 2577 obstringere,
773 2512 839 2553 sese
863 2510 967 2575 neque
987 2486 1114 2553 obsides
1137 2490 1257 2577 repeti.

145 2584 170 2616 ‘⁸
187 2588 290 2653 turos,
319 2596 424 2662 neque
450 2574 607 2640 auxilium
636 2598 655 2640 a
687 2574 816 2665 Populo
845 2572 992 2640 Romano
1021 2573 1255 2662 inploratum,

143 2672 168 2703 “
184 2684 290 2751 neque
303 2672 518 2739 recusaturos,
532 2686 599 2751 quo
614 2660 718 2729 minus
734 2673 895 2751 perpetuo
906 2660 968 2726 sub
983 2660 1115 2725 illorum
1134 2660 1258 2729 ditione
1278 2674 1280 2678 ’

146 2760 220 2815 “at
246 2772 286 2814 ue
316 2748 453 2838 imperio
478 2762 592 2825 essent.
638 2750 753 2815 Unum
781 2772 815 2813 se
842 2770 908 2814 esse
936 2770 977 2812 ex
1006 2746 1094 2813 omni
1120 2746 1256 2814 civitate

147 2848 170 2879 ‘⁸
188 2772 384 2913 Ebuorum,
432 2836 466 2901 ui
490 2836 605 2902 adduci
629 2858 695 2902 non
710 2835 870 2925 potuerit,
894 2844 934 2899 ut
953 2834 1093 2923 juraret,
1107 2844 1166 2899 aut
1179 2858 1255 2901 suos

148 2922 306 2991 “liberos
329 2860 456 2989 obsides
478 2920 582 2989 daret.
628 2923 684 2989 Ob
706 2946 778 2989 eam
800 2940 870 2989 rem
884 2946 917 2987 sc
937 2944 978 2987 ex
992 2920 1124 2987 civitate
1136 2922 1254 3073 profu-

148 3022 171 3053 “
186 3010 269 3101 gisae
288 3023 322 3077 et
338 3008 477 3091 Romam
500 3009 542 3076 ad
554 3022 700 3076 senatum
715 3010 850 3087 venisse,
865 3009 1022 3074 auxilium
1036 3021 1135 3097 postu
1148 3022 1252 3087 atum,

146 3110 169 3140 “
212 3098 278 3163 uod
300 3096 387 3163 solus
410 3118 514 3185 neque
534 3098 744 3185 jure'urando
767 3120 872 3185 neque
892 3096 1059 3162 obsidibus
1074 3108 1251 3161 teneretur.

146 3198 169 3228 “
187 3122 255 3250 ded
277 3184 370 3275 pejus
392 3121 618 3253 victoribus)
655 3185 757 3262 uanis,
782 3207 881 3273 quam
907 3182 1022 3249 AEduis
1040 3181 1147 3257 victis,
1170 3184 1253 3248 acci·

147 3286 170 3317 ‘⁴
184 3272 282 3338 disse:
314 3284 492 3423 propterea
520 3272 610 3359 quod
667 3272 831 3347 riovistus,
858 3294 917 3338 rex
943 3272 1194 3346 Germanorum,
1216 3270 1252 3337 in

146 3372 169 3403 ‘⁸
184 3374 299 3427 eorum
337 3360 432 3425 nibus
445 3358 635 3425 consedisset
655 3360 850 3448 tertiamque
866 3368 993 3447 partem
1007 3354 1079 3443 agri
1095 3356 1252 3445 Sequani,

147 3460 170 3490 “
185 3447 246 3537 qui
269 3460 350 3512 esset
374 3444 516 3535 optimus
540 3444 642 3513 totius
658 3446 788 3522 Gallie,
811 3443 1032 3534 occupavisset
1054 3454 1089 3507 et
1102 3466 1190 3511 nunc
1211 3444 1254 3512 de

182 3630 674 3697 mmmwmm‚i.s.,apudcae-
722 3640 837 3683 testatus.
865 3624 1250 3689 lactantdivdnstultto·

147 3715 236 3749 sarem.
250 3700 287 3748 M.
304 3696 673 3757 struamusnaesmrunes.
721 3712 793 3747 nom
813 3704 836 3748 et
856 3704 995 3763 pommus
1017 3702 1041 3745 et
1147 3728 1154 3742 .
1188 3694 1251 3745 vid.

148 3760 672 3823 ressutflosuusststoaesseadmmn.
721 3762 940 3813 Bunemannusad
953 3710 1145 3809 lactantw

183 3830 430 3879 Saenwinooeulto.
462 3826 673 3891 Sicquidemco-
755 3828 875 3878 Mercede.
904 3824 1090 3886 ctutum.
1328 3857 1331 3865 .

146 3892 231 3956 dices3
248 3895 292 3943 sed
309 3894 462 3954 relucente,
481 3892 523 3942 vel
541 3896 568 3942 tu
583 3894 672 3943 amatu
730 3894 735 3900 ’
756 3891 1184 3943 mmeramme
1205 3888 1248 3940 Sic

147 3960 285 4009 tollendum
294 3972 359 4019 esse,
367 3958 424 4023 quis
434 3972 483 4009 uon
492 3965 580 4023 sponte
589 3956 674 4007 videt?
723 3965 748 4017 5,
761 3962 800 4007 ll.
816 3960 935 4009 moeutri.

148 4026 187 4074 Μ.
220 4026 250 4071 'rt
267 4032 355 4075 recreo
375 4024 485 4089 glossam
503 4022 578 4087 sapit.
610 4022 673 4071 Edi·
757 4026 843 4088 θυμω
866 4024 1003 4073 Gallorum.
1032 4018 1174 4081 facultates,
1194 4020 1248 4070 t'ru·

147 4091 229 4141 dones
247 4098 299 4139 vet.
317 4089 411 4139 liabent
429 4096 516 4140 secreto
534 4094 558 4138 et
573 4090 671 4139 scruto.
720 4096 905 4147 mentumetc.
937 4086 1012 4135 Cous.
1022 4092 1047 4135 2.
1061 4088 1101 4134 1⁰.
1112 4086 1138 4146 l,
1148 4090 1173 4136 4.
1194 4086 1246 4136 Ta-

146 4156 172 4205 Si
183 4165 267 4207 tamen
275 4164 411 4219 utrumque
419 4154 526 4205 retinere
532 4152 604 4211 velis,
612 4168 672 4202 cum
720 4154 766 4204 cit.
780 4156 802 4213 1,
814 4158 855 4201 68.
866 4152 900 4201 11.
911 4158 936 4211 2,
946 4154 986 4201 82.
997 4154 1021 4211 3,
1033 4154 1076 4201 60.

146 4220 213 4270 Oud.
225 4218 298 4286 prius
315 4222 348 4270 sd
364 4220 488 4280 auditum,
504 4219 629 4285 posterius
638 4219 672 4267 ad
755 4221 866 4270 aientes.
875 4217 928 4267 vid.
939 4218 991 4266 ind.
1002 4218 1041 4266 M.

146 4286 228 4337 risum
239 4286 343 4345 referes,
358 4282 670 4351 utspudGic.Mil.c.⁵.
754 4286 1011 4336 nomam-muse.
1040 4280 1098 4331 cte.
1113 4282 1145 4329 de
1156 4278 1244 4332 Dicin.

143 4354 542 4404 murmuraremus&-
722 4352 746 4411 1,
764 4353 806 4399 41.
824 4352 911 4401 Ducu-
946 4347 1033 4399 Rediit
1049 4356 1134 4401 sutem
1155 4362 1182 4400 re
1204 4346 1231 4399 in

177 4420 322 4473 rmum.
354 4416 670 4480 [suessanum-
719 4414 1007 4475 recu.v.intnc,1s.
