2909 4809
178 379 182 387 ,
240 301 307 398 ais
563 315 627 386 nu
651 301 802 384 annuo
826 312 985 383 civim.

241 503 354 571 tellum
367 498 625 581 Massiliensium,
645 505 686 570 ad
703 501 870 571 Nasidium
937 502 1098 578 rvenlunt,
1114 501 1157 568 lbi
1182 525 1222 568 ue
1238 511 1335 569 naves

240 590 427 682 expediunt,
440 613 613 678 rursusque
628 614 661 656 se
672 591 714 656 ad
724 592 880 678 confligen
906 609 958 656 um
976 591 1082 656 animo
1097 613 1134 655 co
1180 601 1289 658 rr'nant
1299 601 1337 655 et

242 677 371 744 consilia
396 679 639 744 communicant.
702 679 827 744 Dextra
855 701 928 766 pars
960 677 1207 742 Massiliensibus
1234 677 1337 743 adtri-

240 765 366 839 buitur,
379 765 504 830 sinistra
520 764 663 831 Nasidio.

241 847 245 854 ’
284 851 316 916 5.
341 850 466 918 Eodem
481 851 602 916 Brutus
612 847 792 926 contendit,
807 859 904 915 aucte
919 849 1047 914 savium
1060 871 1202 916 numero.
1244 847 1333 916 Nam

157 1005 161 1018 ,
242 937 285 1006 ad
300 961 366 1014 eas,
381 961 455 1026 quae
470 937 565 1020 iactae
583 949 674 1004 eraut
690 937 822 1001 Arelate
836 959 896 1026 per
907 937 1076 1012 Gaesarem,
1090 937 1229 1024 captivae
1245 937 1335 1001 Mas-

243 1023 413 1102 siliensium
428 1036 625 1089 accesserant
639 1045 705 1089 sex.
732 1023 802 1088 H'as
815 1023 1035 1112 superioribus
1047 1022 1207 1089 refecerat
1216 1023 1335 1089 diebus

243 1117 343 1202 atque
358 1111 504 1176 omnibus
532 1111 630 1176 rebus
654 1111 859 1174 instruxerat.
906 1109 1021 1194 ltaque
1042 1129 1114 1174 suos
1134 1109 1334 1186 cohortatus,

242 1221 323 1288 quos
337 1198 480 1284 integros
502 1196 746 1285 superavissent,
770 1207 808 1260 ut
827 1197 929 1260 victos
943 1209 1195 1274 contemnerent,
1242 1195 1335 1262 lenus

242 1285 311 1376 spei
334 1283 426 1350 bonae
447 1297 548 1370 atque
570 1286 665 1349 auir'ni
688 1283 841 1348 adversus
868 1305 922 1347 eos
951 1282 1177 1370 proficiscitur.
1218 1217 1336 1349 l'acil'c

242 1381 380 1447 erat,e1
394 1371 505 1444 castris
521 1371 559 1434 G.
577 1370 730 1436 Trebonii
745 1380 845 1456 atque
859 1369 1005 1435 omnibus
1019 1367 1242 1458 superioribus
1257 1371 1338 1436 locis

242 1456 428 1548 prospicere
449 1457 482 1522 in
503 1459 629 1533 urbem,
652 1469 691 1521 ut
706 1457 806 1523 omnis
818 1458 982 1545 juventus,
1003 1479 1076 1543 quse
1091 1458 1123 1521 in
1141 1456 1264 1557 oppido
1283 1479 1336 1522 re-

243 1556 414 1619 manserat,
441 1565 613 1631 omnesque
634 1543 807 1634 superioris
833 1545 947 1619 atatis,
981 1565 1055 1608 cum
1088 1543 1198 1608 libers
1232 1551 1337 1631 atque

243 1631 396 1698 uxoribus
410 1631 614 1722 publicisque
628 1631 794 1706 custodiis,
809 1641 919 1696 auter
931 1653 1025 1696 muro
1039 1628 1080 1694 ad
1093 1630 1209 1696 coelum
1221 1643 1338 1696 mansis

92 1793 99 1811 ‚
141 1717 144 1719 Α
175 1725 181 1737 “
211 1731 215 1736 “
244 1716 426 1794 tenderent,
447 1729 507 1782 aut
521 1717 644 1806 templa
666 1719 810 1784 Deorum
826 1717 1044 1784 inmortalium
1058 1715 1186 1784 adirent
1200 1729 1245 1794 et,
1258 1727 1338 1784 ante

141 3055 146 3064 ·
243 3020 355 3086 eadem
382 3030 464 3083 esset
496 3017 575 3082 belli
603 3019 736 3084 fortuna
806 3018 925 3084 tienda.

241 1805 410 1870 simulacra
433 1805 583 1894 projecti,
613 1805 782 1871 victoriam
804 1805 848 1870 ab
872 1804 942 1869 Diis
970 1815 1197 1906 exposcerentt
1230 1822 1339 1891 neque

243 1903 314 1958 erat
334 1892 505 1981 quiapuam
528 1888 680 1967 omnium,
707 1891 787 1980 quin
810 1892 841 1956 i'n
865 1892 933 1978 ejus
956 1888 1020 1956 dies
1034 1913 1107 1955 casu
1122 1910 1253 1956 suarum
1269 1901 1338 1955 otn-

242 1979 330 2046 isium
357 1979 562 2044 fortunarum
582 1989 735 2043 eventum
755 1980 924 2044 consistere
939 1978 1148 2042 existimaret.
1195 1977 1281 2043 Nam
1303 1985 1339 2042 et

242 2065 366 2134 honesti
379 2087 419 2130 ex
430 2066 615 2154 juventute,
631 2071 665 2130 et
679 2066 836 2154 cujusque
850 2066 952 2131 atatis
974 2063 1170 2152 amplissimi,
1193 2065 1338 2129 nonina·

242 2153 302 2218 tim
316 2149 441 2222 evocati
453 2159 551 2240 atque
566 2153 737 2227 bbsecrati,
755 2173 851 2217 naves
863 2151 1133 2230 conscenderantt
1149 2161 1198 2226 ut,
1213 2150 1238 2214 si
1254 2149 1338 2238 quid

243 2239 370 2304 adversi
396 2237 574 2313 accidisset,
602 2261 642 2303 ue
668 2241 708 2304 ad
735 2239 913 2304 conandum
936 2237 1066 2326 quidem
1082 2236 1142 2302 silti
1157 2235 1337 2344 quidquam

243 2325 359 2413 reliqui
373 2325 444 2392 lbra
454 2324 602 2389 riderent
616 2347 624 2399 ;
646 2326 671 2389 si
686 2325 932 2411 superavissent,
946 2325 998 2389 vel
1014 2323 1194 2388 dmnesticrs
1207 2324 1338 2410 opibus,

244 2411 297 2477 vel
310 2411 448 2476 externis
463 2410 600 2485 auxiliis,
614 2411 656 2475 de
667 2413 773 2476 salute
787 2411 878 2478 urbis
893 2410 1102 2476 confiderent.

286 2498 319 2563 62
343 2496 519 2564 Commisso
538 2498 667 2586 proelio,
685 2497 934 2562 Massiliensibus
949 2523 999 2562 res
1015 2497 1105 2562 nulla
1124 2493 1165 2564 ad
1179 2495 1338 2563 virtutem

243 2585 369 2652 deluit:
391 2584 448 2649 sed
471 2605 627 2650 memores
652 2607 762 2650 eorum
778 2597 1027 2674 preceptorum,
1052 2597 1125 2670 quse
1181 2582 1340 2650 ulloante

242 2673 286 2742 ab
296 2672 361 2744 suis
375 2679 578 2758 acceperant,
592 2669 653 2736 boc
668 2672 773 2736 animo
787 2671 1009 2746 decertabant,
1037 2681 1075 2734 ut
1101 2691 1145 2734 nu
1171 2689 1226 2734 usn
1245 2669 1339 2736 aliud

245 2757 609 2850 tempusadconandum
619 2757 762 2826 habituri
772 2757 971 2833 viderentur,
986 2770 1031 2833 et,
1045 2756 1165 2843 quibus
1177 2755 1208 2820 in
1226 2771 1340 2846 pugna
1404 2837 1408 2842 η

244 2847 319 2912 vita
350 2845 531 2936 periculum
558 2843 732 2920 accideret,
769 2867 832 2910 non
862 2847 908 2909 ita
936 2843 1040 2910 multo
1072 2867 1105 2908 se
1136 2841 1338 2931 reliquorum

244 2933 363 3000 civium
383 2932 488 2996 fatum
508 2931 695 2997 antecedere
716 2932 947 3006 existimarent,
994 2930 1101 3004 uibus,
1124 2929 1206 2994 urbe
1227 2939 1339 3017 capta,

969 2955 1194 3104 (biductbque
1222 3016 1342 3083 nostris

244 3104 414 3201 paullatim
442 3103 588 3179 navibus,
632 3114 667 3170 et
698 3103 761 3170 arti
785 3107 835 3170 cio
894 3105 1126 3170 ubernatorum
1163 3101 1338 3168 mobilitati

245 3193 375 3262 naviam
395 3193 486 3258 locus
505 3189 645 3258 dabatur
668 3204 715 3270 et,
734 3129 905 3280 siquando
928 3189 1027 3258 nostri
1043 3188 1230 3254 facultatem
1252 3189 1340 3256 nacti

244 3282 357 3350 ferreis
380 3279 528 3345 manibus
555 3277 679 3368 injectis
706 3303 820 3344 navem
848 3279 1075 3369 religaverunt,
1103 3273 1246 3362 undique
1271 3277 1340 3343 suis

246 3471 324 3520 ῆιιιιιιι
352 3465 520 3520 'salasensem
547 3466 592 3520 ubi
619 3482 686 3518 nunc
714 3467 770 3518 hisi
820 3477 871 3532 pat.
904 3463 1182 3518 ltaetCic.adDiv.l
1210 3463 1339 3514 'taalu-

245 3543 336 3602 portus
344 3537 368 3584 te
377 3537 438 3584 bras
449 3535 481 3586 de
492 3538 520 3584 S.
532 3535 626 3598 Georas
635 3541 662 3582 et
671 3533 770 3596 ἱΪΕυιιι-
815 3537 951 3597 prior-etam,
965 3536 987 3581 si
997 3531 1110 3580 dabam.
1130 3527 1172 3578 Cl.
1179 3497 1270 3602 ituras.
1284 3523 1340 3601 ἕρ.

245 3608 294 3653 cat·
331 3602 506 3664 Wesseltssps'sss
523 3599 568 3658 (ad
586 3597 706 3651 annuis.
727 3598 770 3648 iti·
800 3601 880 3658 ·l,5,
893 3601 915 3646 6.
927 3595 967 3646 ed.
978 3593 1096 3646 Bentleii.
1115 3589 1339 3646 Curuusadl’lsn.

244 3679 325 3718 uerat.
334 3664 441 3728 ptos).
457 3666 496 3714 Π.
818 3678 861 3726 ep.
876 3665 897 3721 l,
910 3665 934 3709 8.
944 3663 1012 3709 etad
1023 3661 1122 3710 Sallust.
1141 3657 1197 3708 Cet.
1210 3661 1241 3706 ³2
1257 3663 1283 3704 et
1294 3661 1339 3708 58.

280 3734 366 3782 1?oeae
380 3738 465 3780 erm.
486 3727 524 3778 sic
542 3727 619 3778 codd.
648 3725 769 3791 ntiifsoe·
818 3722 1248 3790 Jsg.1⁰.1)msenb.sd1nv.s,⁵.

246 3804 316 3848 runt.
852 3793 985 3843 Commisso
1056 3787 1258 3852 ',iutereadum
1268 3799 1339 3834 oom-

281 3863 390 3912 Arelcta.
409 3861 450 3910 cl.
463 3863 485 3920 l,
498 3861 539 3910 36.
555 3857 593 3908 Μ.
818 3855 925 3906 mittitur
934 3871 988 3919 proe
1001 3855 1063 3904 ium.
1085 3855 1122 3903 M.

282 3929 611 3990 Superiormflenectus.
635 3923 674 3972 Μ.
691 3923 769 3986 Apul.
852 3924 1046 3985 Pcheptmusss.
1066 3919 1127 3969 Sunt
1137 3916 1341 3970 adhortationes.
1418 3939 1419 3948 ι

164 3997 173 4008 ‘
247 3983 772 4052 slsum.1.aussrm‚rertutt.npot.c.
817 3987 1049 4050 dequibuscap.4.
1073 3985 1110 4034 M.

247 4053 641 4117 ammonendum.-
852 4055 1023 4115 Ds'dacts'aqsse.
1054 4049 1094 4100 Sic
1109 4045 1339 4100 Oudendecodd.

282 4123 421 4172 Dieicam.
440 4119 482 4168 Sic
492 4127 553 4170 etc.
566 4123 603 4170 14.
817 4127 843 4165 et
854 4120 911 4166 eod.
923 4123 972 4166 ret.
986 4115 1068 4178 vulgo
1078 4115 1240 4189 emmaque.

283 4187 396 4244 Hm,
405 4184 596 4235 nobilitarunt·
604 4183 663 4234 orti.
685 4181 723 4232 Μ.
852 4185 950 4234 Ferrer'a
956 4179 1081 4232 masau.
1090 4196 1114 4227 r·
1127 4179 1179 4230 lud.
1191 4179 1338 4242 intimem

283 4253 519 4313 stamnum
553 4244 767 4298 Davismlebut
814 4245 1008 4319 emanat-M.

130 4312 134 4321 ’
246 4320 295 4377 alst,
310 4315 355 4365 sed
372 4321 455 4364 nomer
465 4321 491 4364 et
501 4313 563 4364 alibi
575 4313 601 4361 sl
610 4319 632 4360 si
643 4311 680 4361 sic
696 4327 766 4361 usur-
786 4339 789 4346 ·
