2909 4809
257 288 318 369 172,
552 286 616 355 DE
637 283 789 355 BELLO
812 283 1030 383 Glauco,

250 474 467 567 subplemeati
478 474 705 565 equitatusque
718 473 853 565 cogendi
867 474 910 539 ab
922 472 1065 538 exercitu
1071 466 1232 549 discedit:
1252 470 1341 538 Bru·

250 575 322 629 tum
347 562 581 633 adolescentem
609 562 646 627 iis
669 561 769 649 copiis
791 560 943 650 praeficit3
975 558 1059 625 hunc
1086 572 1206 634 monet,
1236 570 1275 623 ut
1300 559 1357 633 in,

250 650 351 733 omnis
371 662 480 739 partes
499 650 624 736 equites
639 671 736 735 quam
758 648 906 713 latissime
923 656 1160 735 pervagentur;
1182 644 1339 711 daturum

250 760 284 803 se
296 759 440 825 operam,
452 758 493 801 ne
505 735 632 822 lougius
646 733 757 801 triduo
768 734 811 799 ab
826 734 937 819 castris
952 732 1045 797 absit.
1079 731 1140 796 His
1155 733 1342 797 constitutis

251 823 359 901 rebus,
384 824 446 889 suis
460 821 709 910 inopinantibus,
735 844 831 907 quam
853 818 998 885 maximis
1019 828 1126 906 potest
1152 818 1338 895 itineribus,

252 908 411 975 Viennam
434 908 593 997 pervenit.
639 905 692 972 lbi
712 906 823 973 nactus
847 918 1006 971 recentem
1030 905 1223 989 equitatum,
1238 928 1339 993 quem

250 995 359 1076 multis
372 1005 447 1060 aute
458 994 571 1059 diebus
591 1016 630 1059 eo
644 993 853 1082 praemiserat,
879 1015 917 1057 ne
941 1016 980 1057 ue
1003 990 1120 1057 diurno
1145 1014 1249 1077 neque
1262 1014 1339 1057 noc·

247 1093 346 1147 turno
369 1082 484 1147 itinere
510 1079 699 1156 intermisso,
721 1078 879 1167 perfines
906 1016 1084 1145 &duorum
1112 1077 1145 1143 in
1175 1078 1340 1167 Lingones

248 1167 428 1243 contendit,
443 1167 500 1232 ubi
519 1164 592 1233 dua
604 1166 746 1255 legiones
759 1166 953 1241 hiemabant,
974 1177 1023 1241 ut,
1044 1162 1162 1250 siquid
1182 1166 1279 1230 etism
1294 1164 1340 1230 de
1366 1206 1370 1219 ·

250 1276 307 1319 aua
319 1253 422 1319 salute
436 1252 479 1318 ab
494 1252 609 1317 AEduis
628 1252 762 1319 iniretur
777 1252 911 1328 consilii,
926 1252 1092 1317 celeritate
1108 1264 1336 1339 precurreret.

251 1338 301 1405 Eo
323 1363 422 1426 quum
445 1342 651 1428 pervenisset,
671 1339 715 1405 ad
728 1339 869 1426 reliquas
885 1338 1025 1426 legiones
1044 1337 1157 1413 mittit,
1182 1338 1337 1425 priusque

250 1448 358 1491 omncs
369 1427 402 1492 in
416 1448 514 1491 unurn
527 1426 633 1491 locum
644 1426 746 1515 cogit,
761 1449 855 1513 quam
877 1423 919 1490 de
934 1426 1001 1513 ejus
1020 1422 1163 1489 adventu
1179 1424 1340 1490 Arvernis

249 1511 392 1577 nunciari
417 1524 534 1600 posset.
581 1512 653 1577 Hac
673 1537 708 1576 re
729 1512 869 1601 cognita,
897 1510 1014 1577 Vercin
1038 1512 1144 1575 etorix
1167 1533 1277 1575 rursus
1303 1512 1346 1577 in.

250 1597 415 1687 Bituriges
427 1600 602 1664 exercitum
609 1597 737 1665 reducit
745 1611 855 1749 atqqre,
864 1596 938 1663 inde
949 1536 1113 1686 proibetur
1124 1598 1339 1684 Gergoviam,

251 1683 403 1750 Boiorum
417 1684 587 1774 oppidum,
612 1710 692 1773 quoe
715 1685 761 1750 ibi
818 1684 954 1749 elvetico
976 1682 1091 1772 proelio
1111 1684 1211 1748 victos
1225 1684 1337 1749 ΟΜ

249 1771 471 1839 conlocauerat
483 1770 661 1859 AEduisque
675 1770 892 1847 adtribuerat,
906 1770 1094 1859 obpugnare
1110 1770 1259 1836 instituit.

294 1857 343 1922 1οι
369 1858 523 1947 Magnam
545 1858 611 1923 haec
633 1882 684 1924 res
711 1858 830 1923 Caesari
853 1857 1076 1923 difficultatem
1099 1856 1141 1921 ad
1167 1856 1337 1923 consilium

248 1942 439 2032 capiendum
452 1944 639 2011 adferebat:
662 1946 689 2009 si
703 1944 859 2032 reliquam
874 1958 999 2043 partem
1014 1943 1123 2009 hiemis
1136 1965 1202 2008 uno
1217 1944 1249 2008 in
1263 1943 1337 2011 loco

249 2030 390 2119 legiones
401 2032 600 2105 contineret,
615 2054 667 2106 ne,
689 2030 905 2119 stipendiariis
928 2030 1107 2096 AEduorum
1129 2030 1338 2119 expugnatis,

248 2129 364 2181 cuncta
383 2115 492 2181 Gallia
504 2114 667 2191 deficeret,
683 2118 773 2203 quod
793 2118 915 2190 nullum
934 2118 1042 2182 amicis
1056 2117 1088 2181 in
1100 2141 1138 2183 eo
1152 2115 1339 2205 presidium

249 2201 377 2268 videret
401 2202 542 2289 positum
563 2224 644 2266 esse:
667 2202 715 2267 sin
730 2204 885 2269 maturius
899 2227 940 2268 ex
953 2202 1094 2269 hibernis
1108 2203 1272 2279 educeret,
1294 2226 1336 2269 ne

249 2290 292 2353 ab
306 2311 342 2354 re
355 2286 564 2351 frumentaria
578 2286 669 2352 duris
682 2289 941 2355 subvectionibus
956 2289 1130 2356 laboraret.
1177 2290 1335 2356 Praestare

248 2374 350 2439 visum
373 2384 421 2437 est
446 2385 564 2447 tamen,
591 2396 699 2439 omues
717 2373 921 2440 difficultates
944 2378 1082 2463 perpeti,
1108 2400 1215 2463 quam,
1243 2382 1337 2443 tanta

248 2456 446 2526 contumelia
471 2473 618 2549 accepta,
649 2461 789 2527 omniurn
816 2484 947 2527 suorum
974 2462 1156 2529 voluntates
1184 2462 1335 2529 alienare.

248 2545 364 2633 ltaque
389 2545 574 2611 cohortatus
599 2546 723 2613 AEduos
742 2546 785 2611 de
799 2547 1023 2636 subportando
1043 2561 1232 2624 commeatu,
1254 2574 1336 2638 prae-

226 2635 229 2651 ¹
247 2632 351 2713 mittit
363 2632 405 2704 ad
430 2632 539 2708 Boios,
558 2634 615 2720 qui
637 2634 679 2700 de
701 2656 760 2699 suo
782 2632 923 2699 adventu
938 2634 1077 2701 doceant
1090 2636 1337 2724 hortenturque,

247 2732 286 2785 nt
298 2720 330 2785 in
345 2716 408 2783 fide
424 2731 575 2785 maneant
587 2732 686 2809 atque
707 2720 848 2787 hostium
862 2722 894 2787 in
937 2732 1005 2787 turn
1020 2746 1137 2812 magno
1152 2722 1258 2789 animo
1272 2749 1337 2789 sus·

247 2806 380 2871 tineent.
426 2804 561 2871 Duabus
592 2806 751 2894 Agendici
779 2806 897 2895 legioni
922 2833 960 2873 us
984 2820 1082 2895 atque
1111 2810 1336 2899 inpedimentis
1390 2818 1391 2823 ’

247 2892 346 2957 totins
359 2892 517 2956 exercitus
528 2892 659 2970 relictis,
673 2894 714 2959 ad
731 2894 829 2960 Boios
862 2893 1060 2967 roficiscitur.
1240 2948 1245 2956 .

294 2978 343 3042 ll.
368 2976 484 3043 Altero
505 2978 558 3042 die
581 3002 680 3065 quum
695 2979 737 3045 ad
759 2918 914 3131 oppidum
940 2981 1099 3051 Senonum
1116 2980 1336 3049 Vellaunodu-

247 3086 324 3131 num
340 3065 487 3139 renisset,
502 3086 543 3129 ne
556 3087 652 3151 quem
666 3078 740 3154 post
753 3091 786 3132 se
819 3078 921 3133 ostem
932 3066 1140 3154 relinqueret,
1162 3092 1228 3157 qao
1240 3094 1335 3159 expe-

282 3248 438 3311 θυμω,
468 3246 522 3296 Boi.
546 3264 601 3311 opp.
644 3248 767 3310 Suspecta
816 3248 908 3301 Contra
924 3251 1049 3316 eleganter
1059 3250 1105 3301 alii
1119 3256 1196 3304 vietor
1201 3272 1213 3312 ,·
1227 3253 1333 3317 quidem

247 3311 335 3360 multis
357 3310 485 3375 Gergouia
506 3312 627 3360 liciorum
632 3330 641 3372 3
662 3322 722 3361 uota
741 3321 766 3362 et
815 3313 892 3365 etiam
905 3318 1024 3377 Helvetia,
1035 3319 1078 3367 sed
1092 3320 1217 3371 Here-erico
1227 3319 1332 3369 omnino

246 3377 356 3439 probata
386 3378 551 3426 Artemorum
572 3376 609 3436 (c.
629 3380 644 3423 4
667 3385 692 3425 et
713 3380 766 3437 34).
816 3388 925 3443 prestat.
1097 3424 1099 3429 .

248 3442 341 3490 cellar.
367 3440 499 3490 Immerito
515 3450 659 3505 suspectum
669 3440 767 3491 habent
850 3446 941 3494 Muta
950 3446 1112 3498 miscuerat.
1126 3450 1160 3500 Ut
1168 3449 1336 3513 iisstipendia

246 3503 296 3554 hoc
318 3520 410 3554 nomen
433 3506 546 3581 Scaliger
571 3506 677 3569 aliique,
706 3522 764 3555 cum
814 3508 1088 3562 etrributasolvereut.
1108 3516 1182 3565 Che.
1197 3521 1233 3565 lo.
1251 3517 1290 3565 M.

246 3568 373 3635 Gergovia
401 3570 455 3619 haec
482 3572 551 3619 dicta
572 3572 605 3619 sit
635 3570 766 3631 Boiorum,
854 3575 1126 3637 Videretpositamesse.
1143 3580 1335 3633 Aliiettmrw.

244 3634 324 3684 altera
335 3637 509 3684 Arremorum.
538 3637 660 3685 Clam.
686 3636 766 3697 Idem,
853 3638 1081 3691 Velhrarwdanam.
1124 3642 1208 3708 Vulgo
1234 3653 1334 3708 putatur

245 3700 315 3763 quod
325 3699 428 3749 Clarlrio
439 3699 542 3763 placuit,
559 3702 641 3749 visum
656 3708 711 3750 erat
722 3698 765 3749 ci·
814 3718 868 3753 esse
878 3702 1109 3758 chareae-tauron
1116 3724 1149 3759 ea
1159 3712 1285 3769 Getieum
1294 3712 1334 3759 ast

246 3764 353 3815 moenio
360 3782 369 3826 ;
386 3766 430 3813 sed
441 3780 499 3815 cum
519 3763 628 3813 varietur
638 3764 764 3829 scriptura
814 3768 850 3817 Le
862 3766 928 3817 aeut
934 3768 959 3816 in
970 3774 1059 3819 rameii
1068 3772 1099 3821 ds
1110 3774 1191 3824 dicere
1199 3772 1270 3824 ἐσήιε
1280 3790 1332 3825 ser-

246 3828 321 3892 huju·
357 3827 431 3879 verbi
465 3832 615 3893 (Gergouia,
646 3830 764 3891 Gcrtona,
815 3832 983 3883 ruatdt‘hist.
998 3828 1028 3883 de
1044 3838 1140 3888 Frossce
1159 3848 1178 3887 t.
1193 3844 1217 3889 2.
1235 3856 1262 3903 p.
1278 3844 1331 3889 lta.

247 3892 382 3968 ramalem,
398 3896 529 3968 qupobiq,
547 3894 765 3954 Gorbolic),ideo-
814 3913 845 3945 ex
866 3913 907 3957 eo,
924 3899 991 3959 quod
1011 3901 1092 3951 amnis
1116 3919 1147 3953 er
1167 3912 1252 3953 monte
1273 3920 1332 3968 pro·

246 3970 296 4021 que
306 3968 400 4008 incerta
416 3966 458 4018 art,
472 3973 529 4021 quta
540 3958 642 4006 tandem
651 3958 763 4020 deliniat,
815 3962 904 4020 fluens,
918 3961 959 4010 cui
972 3962 1110 4025 inpositura
1120 3975 1173 4016 erat
1194 3969 1332 4018 Vellauno-

245 4034 322 4069 nnam
333 4031 376 4071 sat
385 4022 647 4086 doasluisseejusdem
655 4024 765 4073 nominis
814 4026 916 4085 dunum,
933 4025 1028 4077 dicitur
1047 4028 1173 4097 hodieque
1192 4035 1300 4085 reason
1311 4049 1333 4083 a.

246 4086 331 4145 urben
345 4100 392 4135 nec
404 4087 489 4149 potius
500 4088 616 4147 fateatur,
637 4087 712 4137 nobis
730 4090 762 4137 de
818 4090 911 4141 raziae
935 4106 1015 4155 prope
1036 4095 1228 4147 Autiaiodomm
1248 4100 1332 4156 (Ase-

246 4149 297 4200 hoc
307 4150 410 4199 nomine
420 4150 446 4198 h.
465 4152 483 4199 l.
498 4166 549 4201 non
560 4154 691 4205 constare?
723 4154 763 4203 M.
812 4156 889 4213 em),
900 4153 974 4204 infert
985 4156 1042 4205 heic
1055 4160 1166 4223 positum
1176 4162 1254 4213 luisse
1278 4162 1332 4212 rer-

245 4215 641 4266 cont.D’Annne1.c.ade.r.
696 4275 699 4280 y
813 4218 1004 4283 launculam
1029 4222 1189 4277 D'Anvilliua
1210 4234 1331 4275 coatrae

280 4282 345 4335 Quos
362 4282 603 4332 tot-emmena.
629 4281 691 4331 Vid.
707 4299 763 4333 orn-
813 4283 931 4333 distantia
952 4284 1066 4339 locorum
1085 4288 1150 4341 iuter
1173 4290 1330 4357 Agedincum

204 4404 207 4408 ¹
244 4344 306 4397 aino
328 4350 350 4409 l,
372 4350 414 4401 π,
446 4346 486 4399 u.
519 4344 571 4409 Alii
596 4347 661 4402 male
677 4350 763 4413 ‚qaod
813 4360 839 4401 et
857 4364 891 4424 ‚0¹
910 4350 1012 4403 nomiae
1033 4352 1098 4404 Vitta
1118 4356 1197 4416 Belua
1218 4360 1246 4407 aa
1262 4371 1329 4423 me
