2909 4809
432 281 519 368 nu
544 281 591 368 u>
635 286 739 368 oar.
763 287 860 369 s-'a
1120 285 1188 376 ue

85 487 316 556 laborantibus
343 490 587 556 succumbant.
634 489 754 578 Neque
775 495 854 558 v'ero
878 491 948 559 eon’
973 491 1039 566 neti
1066 491 1190 568 Albinia

85 577 270 642 comminus
297 575 474 666 pugnaudo
498 575 709 652 deficiebant3
741 585 846 666 deque
869 592 924 646 mu
940 591 1010 646 turn
1030 575 1189 653 cedebant
1247 637 1249 642 .

86 661 219 727 virtute
233 664 368 730 nostris:
391 663 485 729 simul
504 684 544 728 er
563 665 741 731 minoribus
763 666 896 731 navibus
917 667 1097 754 magnonis
1112 668 1189 740 emis

87 773 153 816 nus
164 750 259 816 missa
270 749 410 816 telorum
422 751 527 816 multa
540 752 655 819 nostris
671 752 727 838 [de
738 753 924 840 improviso]
940 751 1190 841 inprudentibus

87 848 193 924 atque
219 836 370 926 inpeditis
400 837 535 902 vulnera
560 838 768 904 inferebant:
807 841 956 931 conspice
1021 864 1063 906 ue
1092 845 1187 911 naves

89 924 242 990 triremes
255 924 330 990 dnae
349 947 462 990 navem
479 923 521 990 D.
541 925 649 1000 Bruti,
673 949 747 1014 quae
759 947 800 992 ex
815 925 929 1016 insigni
944 926 1005 992 feci
1019 952 1037 992 e
1060 927 1188 1018 agnosci

91 1021 239 1100 poterat,
254 1009 383 1077 duabus
398 1035 439 1077 ex
454 1012 601 1101 partibus
625 1034 692 1077 sese
715 1013 748 1076 in
772 1035 845 1078 eam
871 1013 1103 1089 inditaverant;
1134 1011 1190 1087 sed

92 1111 237 1173 tantum,
260 1121 295 1164 re
311 1098 452 1186 provisa,
481 1097 604 1163 Brutus
631 1099 796 1165 celeritate
824 1101 912 1168 navis
936 1101 1040 1168 enisus
1065 1112 1125 1177 est,
1150 1095 1190 1167 ‘ul

91 1207 199 1287 parvo
223 1199 385 1252 momento
413 1185 630 1250 antecederet.
682 1185 752 1252 lllae
776 1185 859 1254 adeo
882 1188 1028 1276 graviter
1050 1187 1135 1254 inter
1156 1213 1189 1258 se

92 1271 235 1337 incitata
248 1271 475 1347 conflixerunt,
490 1285 529 1336 ut
536 1271 807 1339 vehementissime
822 1285 969 1362 utraque
980 1294 1021 1339 cx
1033 1281 1193 1344 nonenim

92 1359 302 1433 laborarent3
324 1359 428 1426 altera
445 1381 523 1424 vero
537 1359 710 1448 praefracto
730 1370 837 1428 rostro
860 1367 931 1428 tota
947 1359 1190 1434 conlabefieret.

96 1447 174 1521 Qua
188 1467 224 1510 re
235 1445 375 1512 animum
389 1443 533 1522 adverse,
571 1467 621 1510 uae
638 1447 790 1536 proximae
805 1448 834 1512 ei
846 1448 917 1514 loco
929 1470 970 1512 cx
985 1447 1082 1514 Bruti
1095 1447 1193 1518 classe

93 1553 194 1598 naves
215 1545 319 1608 erant,
350 1535 383 1598 in
407 1555 459 1598 eas
480 1469 639 1623 inpeditas
663 1533 811 1625 inpetum
835 1536 959 1602 faeismt
981 1533 1194 1626 celeriterque

94 1620 208 1685 ambas
222 1619 418 1709 deprimunt.
479 1645 484 1652 ·

140 1706 173 1770 7.
197 1706 263 1771 Sed
281 1707 460 1772 Nasidianae
487 1727 582 1772 mnes
608 1704 698 1770 nullo
722 1706 794 1772 usui
820 1706 956 1773 fuerunt
982 1705 1193 1798 celeriterque

98 1812 211 1882 pugna
229 1805 452 1859 excesserunt:
485 1816 549 1858 non
568 1791 652 1857 enirn
666 1791 723 1856 has
737 1802 794 1858 aut
808 1805 996 1882 conspectus
1053 1794 1123 1860 triae
1137 1794 1198 1886 apt

97 1881 359 1969 propinquorum
380 1893 541 1968 praecepta
562 1878 603 1943 ad
618 1890 799 1946 extremum
814 1881 888 1947 vitre
946 1877 992 1946 ric
1031 1901 1086 1946 um
1105 1879 1195 1948 adire

98 1968 273 2054 cogebant.
307 1966 425 2056 ltaque
438 1987 676 2033 exeonumero
691 1967 895 2034 naviumnul
940 1965 1120 2033 desiderata
1133 1971 1196 2046 est,

99 2077 141 2119 ex
157 2047 403 2120 Massiliensium
420 2055 517 2120 classe
531 2052 676 2140 quinque
688 2065 765 2118 sunt.
779 2052 949 2142 depressae,
964 2064 1108 2141 quatuor
1121 2077 1196 2145 cap-

101 2153 156 2216 tae,
187 2163 350 2206 unacum
374 2139 556 2206 Nasidianis
576 2138 744 2228 profugit:
780 2163 853 2243 puae
879 2161 987 2206 omnes
1013 2139 1197 2209 citeriorem

103 2227 297 2316 Hispaniam
312 2226 520 2314 petiverunt:
552 2237 653 2293 etex
679 2225 811 2315 reliquis
836 2249 902 2294 una
926 2227 1088 2318 promisee
1111 2229 1198 2296 bles·

100 2313 216 2388 silhur,
243 2313 338 2402 hujus
359 2314 465 2379 nuncii
487 2313 672 2403 perferendi
699 2315 819 2400 gratia,
855 2321 958 2403 quern
984 2316 1051 2403 jam
1079 2315 1122 2380 ad
1150 2327 1153 2336 “
1193 2343 1196 2352 ·

101 2401 160 2490 pin
186 2411 280 2466 uaret
316 2401 405 2476 urbi,
441 2402 543 2466 omnis
579 2423 645 2465 sese
673 2400 850 2468 multitudo
872 2401 913 2468 ad
943 2415 1126 2492 cognoueen‘
1144 2405 1201 2472 uin

102 2488 168 2557 effu
195 2485 222 2552 it
250 2509 299 2562 ac,
336 2489 546 2576 recognita,
568 2498 677 2552 tantus
697 2486 805 2554 luctus
826 2485 968 2576 excepit,
999 2499 1037 2553 ut
1058 2491 1136 2556 urbs
1150 2491 1200 2576 ,ab

102 2573 251 2642 hostibus
285 2585 384 2661 cepta
424 2574 535 2640 eodem
569 2574 708 2662 vestigio
743 2575 921 2641 videretur.
990 2574 1203 2644 Massilienses

106 2675 214 2727 tamen
228 2658 326 2726 nihilo
341 2663 470 2748 sequius
483 2660 525 2727 ad
540 2660 752 2726 defensionem
773 2663 862 2727 urbis
889 2659 1018 2748 reliqua
1043 2660 1201 2751 adparere

106 2773 157 2816 coc
200 2759 290 2813 runt.
338 2791 356 2813 s
1036 2755 1042 2763 “
1194 2785 1202 2800 ·

176 2879 184 2896 .
209 2834 268 2900 Est
286 2833 544 2900 animadversum
557 2833 602 2899 ab
616 2831 811 2922 legionariis,
824 2834 878 2921 qui
894 2834 1059 2902 dexterum
1075 2845 1203 2925 partem

107 2920 218 3012 operis
252 2919 530 2997 administrabant,
567 2944 607 2986 ex
640 2920 761 2989 crebris
797 2917 935 2988 hostium
967 2923 1205 3012 eruptionibus,
1234 2973 1237 2980 .

110 3030 227 3094 magno
237 3005 299 3073 sibi
312 3031 379 3073 esse
392 3006 539 3097 praesidio
555 3031 658 3097 pone,
680 3007 705 3072 si
724 3031 786 3096 pro
801 3008 934 3075 metello
946 3032 984 3075 ac
999 3011 1206 3099 receptaculo
1242 3069 1245 3076 ,

110 3094 230 3160 turrim
249 3115 289 3161 ex
311 3092 413 3159 latere
428 3095 490 3161 sub
503 3117 599 3161 muro
623 3094 782 3172 imment,
797 3097 1013 3185 quamprimo
1033 3095 1076 3163 ad
1092 3118 1206 3187 repen·

147 3266 303 3330 inserebant.
332 3265 400 3316 Beue
412 3265 459 3326 sio,
474 3273 503 3316 ut
518 3263 548 3314 G.
559 3264 636 3325 8,l'l.
719 3265 970 3329 Adeopsotoandsert·
990 3262 1138 3319 llaesvetbn
1149 3280 1207 3333 pst·

114 3331 248 3382 mutuos
258 3357 291 3367 —
301 3340 472 3382 memet.
496 3329 559 3378 vid.
568 3337 594 3378 et
602 3327 636 3377 H.
687 3345 773 3394 peram
784 3337 903 3394 suspecta
914 3339 973 3380 sunt
983 3331 1099 3383 Davisio.

115 3400 142 3449 6.,
151 3403 179 3446 et
189 3395 246 3445 Lis.
258 3399 283 3455 2,
295 3403 319 3445 5.
332 3395 391 3444 item
402 3396 479 3446 Grou.
490 3394 637 3453 adunat,
721 3397 834 3460 Sequens.
854 3395 895 3444 ΑΙ.
905 3399 990 3456 meisa,
1000 3398 1069 3462 quod
1080 3404 1119 3449 est
1128 3394 1206 3448 idem.

118 3465 157 3510 tu.
177 3461 235 3509 Non
246 3475 306 3524 crgo
318 3476 392 3524 opus,
402 3477 461 3510 oum
474 3461 637 3510 Hotomanus
686 3459 728 3511 Al.
737 3463 847 3524 reptatas,
859 3474 909 3510 nou
921 3461 996 3512 mule.
1017 3461 1055 3512 M.

116 3527 352 3590 legersmopnoet.
722 3525 982 3577 Ertoretmodversasss
991 3551 1032 3576 -.
1060 3525 1119 3578 lico
1129 3534 1209 3592 ceput
1241 3565 1243 3570 ,

112 3598 116 3605 '
152 3588 394 3654 respueremus
411 3590 484 3640 navis
498 3588 640 3641 luitvexil·
688 3606 746 3639 eum
762 3604 830 3638 nono
848 3589 1102 3657 inFrencognllicum
1113 3607 1208 3644 sermo·

115 3655 170 3705 lom
192 3670 359 3720 purpureum,
378 3655 501 3712 iuterdurn
525 3665 552 3705 et
569 3655 638 3705 aliud
688 3670 747 3704 nero
756 3653 883 3704 transtulit
893 3663 919 3706 et
931 3655 1210 3709 illumvitouischss·

117 3718 190 3784 quid.
201 3719 279 3768 Cooi.
290 3718 410 3769 Schelier.
421 3719 537 3771 demilit.
547 3735 640 3784 nas.p.
689 3720 736 3784 dus
747 3719 773 3768 in
783 3717 924 3770 Memoires
937 3721 1056 3786 critiques
1071 3727 1097 3771 ct
1107 3719 1210 3772 histori-

120 3787 175 3832 175.
189 3786 226 3833 M.
254 3783 324 3834 Male
335 3785 378 3833 bic
397 3784 442 3834 alii
459 3789 547 3848 osipus·
556 3787 599 3835 vel
610 3801 641 3834 ee
688 3801 750 3848 ques
761 3783 792 3833 Τ.
804 3789 827 3834 4.
841 3802 866 3849 p.
880 3788 936 3844 104,
956 3802 1014 3836 eum
1029 3787 1082 3850 jam
1098 3787 1208 3838 orasis

118 3853 199 3915 eipso.
221 3849 320 3899 Meum
331 3849 475 3900 emendavit
486 3849 603 3900 Fa'e'mus.
691 3847 965 3902 Memoiresmiliuises
975 3851 1007 3902 T.
1018 3855 1043 3899 2.
1053 3867 1079 3914 p.
1086 3855 1127 3901 68.
1135 3867 1210 3904 eum·

157 3914 278 3973 Tantum,
291 3931 320 3964 re
334 3918 443 3980 proruo.
469 3916 521 3967 ulii
531 3925 643 3968 tantone
690 3915 750 3991 dem
760 3915 846 3992 locum
860 3924 998 3978 tractasset,
1018 3924 1047 3967 et
1062 3915 1150 3968 tabula
1166 3918 1210 3994 μή

117 3995 292 4107 μῗέρναιω
302 4053 389 4095 rostro.
412 4045 453 4096 Sic
472 4048 546 4098 codd.
559 4046 642 4110 Vulgo
692 3980 1096 4120 illiiddrdiiruelliebllilllotdlloollin
1102 3997 1213 4101 iliam:

118 4108 251 4174 perfracto.
274 4109 360 4158 vossii
370 4111 428 4159 eod.
437 4121 574 4176 prmpto.
692 4111 727 4159 du
737 4111 872 4160 Chevalner
881 4112 982 4162 Folurd.
994 4128 1021 4177 p.
1034 4115 1074 4162 tt.

157 4175 275 4226 ramam
284 4176 397 4225 adamo.
410 4175 477 4225 Ond.
486 4194 501 4226 e
510 4176 569 4226 cod.
583 4175 646 4226 Vul-
731 4175 1057 4236 Quemadmodum
1068 4176 1212 4230 lateritium.

125 4240 355 4303 gomntnudeerso.
633 4279 635 4282 -
696 4242 735 4292 Μ.
751 4241 1061 4296 Bentlsdditelotiorrsn.

159 4307 312 4370 οωιιμαω.
334 4302 388 4356 atii
400 4313 532 4371 mmm.
