<?xml version="1.0" encoding="UTF-8"?>
<!DOCTYPE html PUBLIC "-//W3C//DTD XHTML 1.0 Transitional//EN"
    "http://www.w3.org/TR/xhtml1/DTD/xhtml1-transitional.dtd">
<html xmlns="http://www.w3.org/1999/xhtml" xml:lang="en" lang="en">
 <head>
  <title>
</title>
<meta http-equiv="Content-Type" content="text/html;charset=utf-8" />
  <meta name='ocr-system' content='tesseract 3.04.00' />
  <meta name='ocr-capabilities' content='ocr_page ocr_carea ocr_par ocr_line ocrx_word'/>
</head>
<body>
  <div class='ocr_page' id='page_1' title='image "./cjuliicaesarisc00obergoog/cjuliicaesarisc00obergoog_0535.png"; bbox 0 0 2909 4809; ppageno 0'>
   <div class='ocr_carea' id='block_1_1' title="bbox 480 279 1228 374">
    <p class='ocr_par' dir='ltr' id='par_1_1' title="bbox 480 279 1228 374">
     <span class='ocr_line' id='line_1_1' title="bbox 480 279 1228 374; baseline -0.008 -20"><span class='ocrx_word' id='word_1_1' title='bbox 480 285 568 356; x_wconf 79' lang='lat' dir='ltr'>uia.</span> <span class='ocrx_word' id='word_1_2' title='bbox 614 287 718 356; x_wconf 68' lang='lat' dir='ltr'>cin.</span> <span class='ocrx_word' id='word_1_3' title='bbox 740 285 882 354; x_wconf 79' lang='lat'><strong>30-32.</strong></span> <span class='ocrx_word' id='word_1_4' title='bbox 1047 291 1050 296; x_wconf 39' lang='lat'>¹</span> <span class='ocrx_word' id='word_1_5' title='bbox 1090 367 1096 374; x_wconf 10' lang='lat' dir='ltr'>q</span> <span class='ocrx_word' id='word_1_6' title='bbox 1160 279 1228 349; x_wconf 76' lang='lat'>493</span> 
     </span>
    </p>
   </div>
   <div class='ocr_carea' id='block_1_2' title="bbox 128 419 1230 578">
    <p class='ocr_par' dir='ltr' id='par_1_2' title="bbox 128 419 1230 578">
     <span class='ocr_line' id='line_1_2' title="bbox 128 419 1230 578; baseline -0.005 -35"><span class='ocrx_word' id='word_1_7' title='bbox 128 477 198 578; x_wconf 69' lang='lat' dir='ltr'>ipse</span> <span class='ocrx_word' id='word_1_8' title='bbox 225 431 491 578; x_wconf 66' lang='lat' dir='ltr'>perseconar,</span> <span class='ocrx_word' id='word_1_9' title='bbox 520 497 622 565; x_wconf 89' lang='lat' dir='ltr'>quum</span> <span class='ocrx_word' id='word_1_10' title='bbox 643 474 685 540; x_wconf 90' lang='lat' dir='ltr'>de</span> <span class='ocrx_word' id='word_1_11' title='bbox 709 419 798 542; x_wconf 85' lang='lat' dir='ltr'>vallo</span> <span class='ocrx_word' id='word_1_12' title='bbox 825 469 1130 574; x_wconf 69' lang='lat' dir='ltr'>prospeculeretun</span> <span class='ocrx_word' id='word_1_13' title='bbox 1167 469 1230 538; x_wconf 54' lang='lat' dir='ltr'>sed*</span> 
     </span>
    </p>
   </div>
   <div class='ocr_carea' id='block_1_3' title="bbox 14 558 1233 654">
    <p class='ocr_par' dir='ltr' id='par_1_3' title="bbox 14 558 1233 654">
     <span class='ocr_line' id='line_1_3' title="bbox 14 558 1233 654; baseline -0.006 -24"><span class='ocrx_word' id='word_1_14' title='bbox 14 582 22 621; x_wconf 72' lang='lat'>³</span> <span class='ocrx_word' id='word_1_15' title='bbox 129 563 271 647; x_wconf 80' lang='lat' dir='ltr'>mirabili</span> <span class='ocrx_word' id='word_1_16' title='bbox 293 564 416 654; x_wconf 88' lang='lat' dir='ltr'>peritus</span> <span class='ocrx_word' id='word_1_17' title='bbox 442 563 575 630; x_wconf 87' lang='lat' dir='ltr'>scientia</span> <span class='ocrx_word' id='word_1_18' title='bbox 593 562 748 638; x_wconf 80' lang='lat' dir='ltr'>bellandi,</span> <span class='ocrx_word' id='word_1_19' title='bbox 772 561 806 626; x_wconf 91' lang='lat' dir='ltr'>in</span> <span class='ocrx_word' id='word_1_20' title='bbox 837 563 994 628; x_wconf 81' lang='lat' dir='ltr'>Praetorio</span> <span class='ocrx_word' id='word_1_21' title='bbox 1014 558 1137 635; x_wconf 87' lang='lat' dir='ltr'>sedens,</span> <span class='ocrx_word' id='word_1_22' title='bbox 1152 582 1233 652; x_wconf 62' lang='lat' dir='ltr'>«per¹</span> 
     </span>
    </p>
   </div>
   <div class='ocr_carea' id='block_1_4' title="bbox 129 643 1229 824">
    <p class='ocr_par' dir='ltr' id='par_1_4' title="bbox 129 643 1229 824">
     <span class='ocr_line' id='line_1_4' title="bbox 129 643 1227 740; baseline -0.006 -24"><span class='ocrx_word' id='word_1_23' title='bbox 129 650 350 740; x_wconf 68' lang='lat' dir='ltr'>speculatores</span> <span class='ocrx_word' id='word_1_24' title='bbox 367 664 402 716; x_wconf 90' lang='lat' dir='ltr'>et</span> <span class='ocrx_word' id='word_1_25' title='bbox 423 650 556 717; x_wconf 78' lang='lat' dir='ltr'>nuncios</span> <span class='ocrx_word' id='word_1_26' title='bbox 577 650 772 738; x_wconf 71' lang='lat' dir='ltr'>imperabat,</span> <span class='ocrx_word' id='word_1_27' title='bbox 793 672 866 736; x_wconf 82' lang='lat' dir='ltr'>quae</span> <span class='ocrx_word' id='word_1_28' title='bbox 887 643 957 714; x_wconf 85' lang='lat' dir='ltr'>fieri</span> <span class='ocrx_word' id='word_1_29' title='bbox 978 646 1131 712; x_wconf 83' lang='lat' dir='ltr'>volebat:</span> <span class='ocrx_word' id='word_1_30' title='bbox 1161 645 1227 710; x_wconf 89' lang='lat' dir='ltr'>ani·</span> 
     </span>
     <span class='ocr_line' id='line_1_5' title="bbox 130 731 1229 824; baseline -0.008 -18"><span class='ocrx_word' id='word_1_31' title='bbox 130 737 356 806; x_wconf 84' lang='lat' dir='ltr'>madvertebat</span> <span class='ocrx_word' id='word_1_32' title='bbox 379 736 476 815; x_wconf 88' lang='lat' dir='ltr'>enim,</span> <span class='ocrx_word' id='word_1_33' title='bbox 498 759 694 823; x_wconf 87' lang='lat' dir='ltr'>quamquam</span> <span class='ocrx_word' id='word_1_34' title='bbox 717 736 841 824; x_wconf 80' lang='lat' dir='ltr'>maguis</span> <span class='ocrx_word' id='word_1_35' title='bbox 860 747 965 802; x_wconf 87' lang='lat' dir='ltr'>essent</span> <span class='ocrx_word' id='word_1_36' title='bbox 985 733 1090 822; x_wconf 83' lang='lat' dir='ltr'>copiis</span> <span class='ocrx_word' id='word_1_37' title='bbox 1113 731 1229 798; x_wconf 84' lang='lat' dir='ltr'>adver·</span> 
     </span>
    </p>
   </div>
   <div class='ocr_carea' id='block_1_5' title="bbox 14 819 1235 1011">
    <p class='ocr_par' dir='ltr' id='par_1_5' title="bbox 14 819 1235 1011">
     <span class='ocr_line' id='line_1_6' title="bbox 14 819 1235 913; baseline -0.002 -27"><span class='ocrx_word' id='word_1_38' title='bbox 14 845 21 886; x_wconf 78' lang='lat' dir='ltr'>i</span> <span class='ocrx_word' id='word_1_39' title='bbox 130 824 206 892; x_wconf 77' lang='lat' dir='ltr'>sarii</span> <span class='ocrx_word' id='word_1_40' title='bbox 233 825 322 901; x_wconf 87' lang='lat' dir='ltr'>freti,</span> <span class='ocrx_word' id='word_1_41' title='bbox 346 836 453 890; x_wconf 81' lang='lat' dir='ltr'>tamen</span> <span class='ocrx_word' id='word_1_42' title='bbox 475 845 558 912; x_wconf 80' lang='lat' dir='ltr'>saepe</span> <span class='ocrx_word' id='word_1_43' title='bbox 571 847 638 904; x_wconf 67' lang='lat' dir='ltr'>eae</span> <span class='ocrx_word' id='word_1_44' title='bbox 652 823 784 912; x_wconf 76' lang='lat' dir='ltr'>fugatis,</span> <span class='ocrx_word' id='word_1_45' title='bbox 806 819 1179 913; x_wconf 71' lang='lat' dir='ltr'>pulsis&#39;perterritisque,</span> <span class='ocrx_word' id='word_1_46' title='bbox 1193 830 1235 886; x_wconf 81' lang='lat' dir='ltr'>et·</span> 
     </span>
     <span class='ocr_line' id='line_1_7' title="bbox 14 909 1229 1011; baseline -0.004 -37"><span class='ocrx_word' id='word_1_47' title='bbox 14 932 21 974; x_wconf 73' lang='lat' dir='ltr'>r</span> <span class='ocrx_word' id='word_1_48' title='bbox 131 934 312 978; x_wconf 76' lang='lat' dir='ltr'>couceaeam</span> <span class='ocrx_word' id='word_1_49' title='bbox 326 911 441 987; x_wconf 83' lang='lat' dir='ltr'>vitam,</span> <span class='ocrx_word' id='word_1_50' title='bbox 454 922 489 976; x_wconf 89' lang='lat' dir='ltr'>et</span> <span class='ocrx_word' id='word_1_51' title='bbox 504 910 616 999; x_wconf 79' lang='lat' dir='ltr'>ignota</span> <span class='ocrx_word' id='word_1_52' title='bbox 629 924 763 999; x_wconf 84' lang='lat' dir='ltr'>peccata</span> <span class='ocrx_word' id='word_1_53' title='bbox 776 910 927 1011; x_wconf 42' lang='lat' dir='ltr'>;·quibus</span> <span class='ocrx_word' id='word_1_54' title='bbox 941 909 1038 977; x_wconf 88' lang='lat' dir='ltr'>rebus</span> <span class='ocrx_word' id='word_1_55' title='bbox 1052 927 1229 1008; x_wconf 76' lang='lat' dir='ltr'>numquam</span> 
     </span>
    </p>
   </div>
   <div class='ocr_carea' id='block_1_6' title="bbox 132 993 1291 1261">
    <p class='ocr_par' dir='ltr' id='par_1_6' title="bbox 132 993 1291 1261">
     <span class='ocr_line' id='line_1_8' title="bbox 132 993 1291 1151; baseline -0.009 -85"><span class='ocrx_word' id='word_1_56' title='bbox 132 1010 227 1066; x_wconf 82' lang='lat' dir='ltr'>tanta</span> <span class='ocrx_word' id='word_1_57' title='bbox 254 1011 446 1151; x_wconf 73' lang='lat' dir='ltr'>suppeteret</span> <span class='ocrx_word' id='word_1_58' title='bbox 473 1021 515 1062; x_wconf 84' lang='lat' dir='ltr'>ex</span> <span class='ocrx_word' id='word_1_59' title='bbox 541 998 684 1087; x_wconf 86' lang='lat' dir='ltr'>ipsorum</span> <span class='ocrx_word' id='word_1_60' title='bbox 709 998 822 1064; x_wconf 85' lang='lat' dir='ltr'>inert1a</span> <span class='ocrx_word' id='word_1_61' title='bbox 849 993 1106 1086; x_wconf 73' lang='lat' dir='ltr'>conscientiaque</span> <span class='ocrx_word' id='word_1_62' title='bbox 1131 1013 1229 1060; x_wconf 87' lang='lat' dir='ltr'>anum</span> <span class='ocrx_word' id='word_1_63' title='bbox 1287 1007 1291 1014; x_wconf 83' lang='lat'>&#39;</span> 
     </span>
     <span class='ocr_line' id='line_1_9' title="bbox 133 1081 1230 1161; baseline -0.005 -10"><span class='ocrx_word' id='word_1_64' title='bbox 133 1085 315 1152; x_wconf 70' lang='lat' dir='ltr'>victoriali</span> <span class='ocrx_word' id='word_1_65' title='bbox 340 1085 424 1161; x_wconf 81' lang='lat' dir='ltr'>noia,</span> <span class='ocrx_word' id='word_1_66' title='bbox 439 1097 479 1151; x_wconf 89' lang='lat' dir='ltr'>ut</span> <span class='ocrx_word' id='word_1_67' title='bbox 493 1099 599 1152; x_wconf 85' lang='lat' dir='ltr'>castra</span> <span class='ocrx_word' id='word_1_68' title='bbox 621 1109 679 1150; x_wconf 90' lang='lat' dir='ltr'>sua</span> <span class='ocrx_word' id='word_1_69' title='bbox 704 1085 825 1151; x_wconf 79' lang='lat' dir='ltr'>adoriri</span> <span class='ocrx_word' id='word_1_70' title='bbox 851 1083 1021 1150; x_wconf 85' lang='lat' dir='ltr'>cuderent.</span> <span class='ocrx_word' id='word_1_71' title='bbox 1069 1081 1230 1148; x_wconf 85' lang='lat' dir='ltr'>Praeterea</span> 
     </span>
     <span class='ocr_line' id='line_1_10' title="bbox 132 1167 1232 1261; baseline -0.005 -25"><span class='ocrx_word' id='word_1_72' title='bbox 132 1173 232 1261; x_wconf 88' lang='lat' dir='ltr'>ipsius</span> <span class='ocrx_word' id='word_1_73' title='bbox 256 1195 372 1239; x_wconf 89' lang='lat' dir='ltr'>nomen</span> <span class='ocrx_word' id='word_1_74' title='bbox 393 1171 634 1260; x_wconf 70' lang='lat' dir='ltr'>auctoritasque</span> <span class='ocrx_word' id='word_1_75' title='bbox 649 1195 768 1260; x_wconf 81' lang='lat' dir='ltr'>magna</span> <span class='ocrx_word' id='word_1_76' title='bbox 781 1196 822 1237; x_wconf 83' lang='lat' dir='ltr'>ex</span> <span class='ocrx_word' id='word_1_77' title='bbox 836 1183 931 1260; x_wconf 84' lang='lat' dir='ltr'>parte</span> <span class='ocrx_word' id='word_1_78' title='bbox 945 1171 1058 1237; x_wconf 83' lang='lat' dir='ltr'>eorum</span> <span class='ocrx_word' id='word_1_79' title='bbox 1073 1167 1232 1233; x_wconf 84' lang='lat' dir='ltr'>exercitus</span> 
     </span>
    </p>
   </div>
   <div class='ocr_carea' id='block_1_7' title="bbox 14 1257 1273 1510">
    <p class='ocr_par' dir='ltr' id='par_1_7' title="bbox 14 1257 1273 1510">
     <span class='ocr_line' id='line_1_11' title="bbox 15 1257 1273 1348; baseline -0.007 -23"><span class='ocrx_word' id='word_1_80' title='bbox 15 1282 21 1325; x_wconf 78' lang='lat' dir='ltr'>t</span> <span class='ocrx_word' id='word_1_81' title='bbox 133 1259 303 1326; x_wconf 84' lang='lat' dir='ltr'>minuebat</span> <span class='ocrx_word' id='word_1_82' title='bbox 325 1258 513 1324; x_wconf 84' lang='lat' dir='ltr'>audaciam:</span> <span class='ocrx_word' id='word_1_83' title='bbox 548 1272 619 1324; x_wconf 88' lang='lat' dir='ltr'>tum</span> <span class='ocrx_word' id='word_1_84' title='bbox 641 1259 781 1348; x_wconf 79' lang='lat' dir='ltr'>egregiae</span> <span class='ocrx_word' id='word_1_85' title='bbox 795 1257 985 1324; x_wconf 83' lang='lat' dir='ltr'>munitiones</span> <span class='ocrx_word' id='word_1_86' title='bbox 999 1267 1177 1322; x_wconf 86' lang='lat' dir='ltr'>castrorum</span> <span class='ocrx_word' id='word_1_87' title='bbox 1198 1263 1233 1317; x_wconf 90' lang='lat' dir='ltr'>et</span> <span class='ocrx_word' id='word_1_88' title='bbox 1270 1296 1273 1305; x_wconf 82' lang='lat'><em>·</em></span> 
     </span>
     <span class='ocr_line' id='line_1_12' title="bbox 14 1341 1233 1434; baseline -0.007 -21"><span class='ocrx_word' id='word_1_89' title='bbox 14 1373 20 1413; x_wconf 76' lang='lat' dir='ltr'>t</span> <span class='ocrx_word' id='word_1_90' title='bbox 134 1345 214 1412; x_wconf 84' lang='lat' dir='ltr'>valli</span> <span class='ocrx_word' id='word_1_91' title='bbox 230 1347 452 1434; x_wconf 86' lang='lat' dir='ltr'>fossarumque</span> <span class='ocrx_word' id='word_1_92' title='bbox 467 1346 609 1412; x_wconf 83' lang='lat' dir='ltr'>altitudo</span> <span class='ocrx_word' id='word_1_93' title='bbox 628 1359 663 1412; x_wconf 85' lang='lat' dir='ltr'>et</span> <span class='ocrx_word' id='word_1_94' title='bbox 689 1359 784 1412; x_wconf 80' lang='lat' dir='ltr'>extra</span> <span class='ocrx_word' id='word_1_95' title='bbox 808 1345 932 1411; x_wconf 85' lang='lat' dir='ltr'>vallum</span> <span class='ocrx_word' id='word_1_96' title='bbox 953 1343 1019 1417; x_wconf 84' lang='lat' dir='ltr'>stili</span> <span class='ocrx_word' id='word_1_97' title='bbox 1034 1344 1119 1418; x_wconf 70' lang='lat' dir='ltr'>caci,</span> <span class='ocrx_word' id='word_1_98' title='bbox 1136 1341 1233 1407; x_wconf 88' lang='lat' dir='ltr'>mira·</span> 
     </span>
     <span class='ocr_line' id='line_1_13' title="bbox 15 1427 1233 1510; baseline -0.007 -9"><span class='ocrx_word' id='word_1_99' title='bbox 15 1459 20 1501; x_wconf 72' lang='grc' dir='ltr'>ε</span> <span class='ocrx_word' id='word_1_100' title='bbox 134 1432 235 1498; x_wconf 88' lang='lat' dir='ltr'>bilem</span> <span class='ocrx_word' id='word_1_101' title='bbox 247 1433 281 1499; x_wconf 91' lang='lat' dir='ltr'>in</span> <span class='ocrx_word' id='word_1_102' title='bbox 296 1432 427 1508; x_wconf 86' lang='lat' dir='ltr'>modum</span> <span class='ocrx_word' id='word_1_103' title='bbox 440 1434 568 1510; x_wconf 87' lang='lat' dir='ltr'>consiti,</span> <span class='ocrx_word' id='word_1_104' title='bbox 583 1434 637 1499; x_wconf 88' lang='lat' dir='ltr'>vel</span> <span class='ocrx_word' id='word_1_105' title='bbox 658 1433 725 1500; x_wconf 88' lang='lat' dir='ltr'>siue</span> <span class='ocrx_word' id='word_1_106' title='bbox 736 1432 969 1500; x_wconf 82' lang='lat' dir='ltr'>defensoribus</span> <span class='ocrx_word' id='word_1_107' title='bbox 983 1429 1107 1496; x_wconf 88' lang='lat' dir='ltr'>aditum</span> <span class='ocrx_word' id='word_1_108' title='bbox 1121 1427 1233 1494; x_wconf 82' lang='lat' dir='ltr'>advet-</span> 
     </span>
    </p>
   </div>
   <div class='ocr_carea' id='block_1_8' title="bbox 134 1519 1234 1696">
    <p class='ocr_par' dir='ltr' id='par_1_8' title="bbox 134 1519 1234 1696">
     <span class='ocr_line' id='line_1_14' title="bbox 134 1519 1234 1610; baseline -0.005 -24"><span class='ocrx_word' id='word_1_109' title='bbox 134 1519 225 1586; x_wconf 83' lang='lat' dir='ltr'>aariis</span> <span class='ocrx_word' id='word_1_110' title='bbox 263 1519 468 1586; x_wconf 87' lang='lat' dir='ltr'>robibebant.</span> <span class='ocrx_word' id='word_1_111' title='bbox 514 1521 595 1585; x_wconf 82' lang='lat' dir='ltr'>Scor</span> <span class='ocrx_word' id='word_1_112' title='bbox 619 1521 740 1598; x_wconf 90' lang='lat' dir='ltr'>ionum,</span> <span class='ocrx_word' id='word_1_113' title='bbox 764 1519 1015 1610; x_wconf 85' lang='lat' dir='ltr'>catapultarum,</span> <span class='ocrx_word' id='word_1_114' title='bbox 1037 1531 1234 1584; x_wconf 87' lang='lat' dir='ltr'>ceterorum·</span> 
     </span>
     <span class='ocr_line' id='line_1_15' title="bbox 136 1543 1234 1696; baseline -0.001 -25"><span class='ocrx_word' id='word_1_115' title='bbox 136 1629 203 1695; x_wconf 87' lang='lat' dir='ltr'>que</span> <span class='ocrx_word' id='word_1_116' title='bbox 216 1543 370 1684; x_wconf 76' lang='lat' dir='ltr'>telorum,</span> <span class='ocrx_word' id='word_1_117' title='bbox 392 1631 464 1694; x_wconf 84' lang='lat' dir='ltr'>quae</span> <span class='ocrx_word' id='word_1_118' title='bbox 486 1606 528 1672; x_wconf 86' lang='lat' dir='ltr'>ad</span> <span class='ocrx_word' id='word_1_119' title='bbox 553 1545 792 1676; x_wconf 72' lang='lat' dir='ltr'>deliendendum</span> <span class='ocrx_word' id='word_1_120' title='bbox 817 1595 922 1674; x_wconf 80' lang='lat' dir='ltr'>solent</span> <span class='ocrx_word' id='word_1_121' title='bbox 941 1607 1068 1696; x_wconf 78' lang='lat' dir='ltr'>parari,¹</span> <span class='ocrx_word' id='word_1_122' title='bbox 1085 1627 1234 1694; x_wconf 79' lang='lat' dir='ltr'>magnam</span> 
     </span>
    </p>
   </div>
   <div class='ocr_carea' id='block_1_9' title="bbox 135 1691 1341 1785">
    <p class='ocr_par' dir='ltr' id='par_1_9' title="bbox 135 1691 1341 1785">
     <span class='ocr_line' id='line_1_16' title="bbox 135 1691 1341 1785; baseline -0.002 -26"><span class='ocrx_word' id='word_1_123' title='bbox 135 1693 263 1782; x_wconf 86' lang='lat' dir='ltr'>copiam</span> <span class='ocrx_word' id='word_1_124' title='bbox 291 1691 444 1760; x_wconf 86' lang='lat' dir='ltr'>habebat.</span> <span class='ocrx_word' id='word_1_125' title='bbox 490 1695 604 1782; x_wconf 88' lang='lat' dir='ltr'>Atque</span> <span class='ocrx_word' id='word_1_126' title='bbox 630 1694 697 1761; x_wconf 84' lang='lat' dir='ltr'>haec</span> <span class='ocrx_word' id='word_1_127' title='bbox 723 1709 858 1785; x_wconf 84' lang='lat' dir='ltr'>propter</span> <span class='ocrx_word' id='word_1_128' title='bbox 884 1694 1044 1760; x_wconf 79' lang='lat' dir='ltr'>exercitus</span> <span class='ocrx_word' id='word_1_129' title='bbox 1073 1692 1121 1758; x_wconf 83' lang='lat' dir='ltr'>sui</span> <span class='ocrx_word' id='word_1_130' title='bbox 1151 1715 1233 1782; x_wconf 82' lang='lat' dir='ltr'>proe·</span> <span class='ocrx_word' id='word_1_131' title='bbox 1338 1692 1341 1702; x_wconf 78' lang='grc'><strong>’</strong></span> 
     </span>
    </p>
   </div>
   <div class='ocr_carea' id='block_1_10' title="bbox 42 1777 1303 2653">
    <p class='ocr_par' dir='ltr' id='par_1_10' title="bbox 42 1777 1252 2627">
     <span class='ocr_line' id='line_1_17' title="bbox 134 1777 1234 1872; baseline -0.003 -26"><span class='ocrx_word' id='word_1_132' title='bbox 134 1782 233 1846; x_wconf 83' lang='lat' dir='ltr'>sentis</span> <span class='ocrx_word' id='word_1_133' title='bbox 247 1780 444 1869; x_wconf 80' lang='lat' dir='ltr'>paucitatem</span> <span class='ocrx_word' id='word_1_134' title='bbox 459 1791 494 1846; x_wconf 87' lang='lat' dir='ltr'>et</span> <span class='ocrx_word' id='word_1_135' title='bbox 509 1780 693 1848; x_wconf 88' lang='lat' dir='ltr'>tirocinium</span> <span class='ocrx_word' id='word_1_136' title='bbox 710 1795 951 1872; x_wconf 84' lang='lat' dir='ltr'>praeparaverat</span> <span class='ocrx_word' id='word_1_137' title='bbox 965 1805 974 1857; x_wconf 81' lang='lat'><em>3</em></span> <span class='ocrx_word' id='word_1_138' title='bbox 995 1803 1073 1860; x_wconf 85' lang='lat' dir='ltr'>non,</span> <span class='ocrx_word' id='word_1_139' title='bbox 1094 1777 1234 1845; x_wconf 86' lang='lat' dir='ltr'>hostium</span> 
     </span>
     <span class='ocr_line' id='line_1_18' title="bbox 42 1864 1236 1958; baseline -0.003 -24"><span class='ocrx_word' id='word_1_140' title='bbox 42 1927 53 1944; x_wconf 87' lang='lat'>,</span> <span class='ocrx_word' id='word_1_141' title='bbox 137 1867 170 1934; x_wconf 84' lang='lat' dir='ltr'>vi</span> <span class='ocrx_word' id='word_1_142' title='bbox 198 1879 233 1933; x_wconf 87' lang='lat' dir='ltr'>et</span> <span class='ocrx_word' id='word_1_143' title='bbox 257 1879 347 1934; x_wconf 91' lang='lat' dir='ltr'>metu</span> <span class='ocrx_word' id='word_1_144' title='bbox 373 1874 564 1944; x_wconf 81' lang='lat' dir='ltr'>commotus,</span> <span class='ocrx_word' id='word_1_145' title='bbox 588 1870 781 1958; x_wconf 78' lang='lat' dir='ltr'>patientem</span> <span class='ocrx_word' id='word_1_146' title='bbox 794 1895 826 1936; x_wconf 90' lang='lat' dir='ltr'>se</span> <span class='ocrx_word' id='word_1_147' title='bbox 854 1869 1066 1958; x_wconf 86' lang='lat' dir='ltr'>timidumque</span> <span class='ocrx_word' id='word_1_148' title='bbox 1094 1864 1236 1945; x_wconf 89' lang='lat' dir='ltr'>hostium</span> 
     </span>
     <span class='ocr_line' id='line_1_19' title="bbox 137 1954 1234 2045; baseline -0.002 -25"><span class='ocrx_word' id='word_1_149' title='bbox 137 1954 282 2044; x_wconf 90' lang='lat' dir='ltr'>opinioni</span> <span class='ocrx_word' id='word_1_150' title='bbox 298 1955 474 2044; x_wconf 74' lang='lat' dir='ltr'>praebebat.</span> <span class='ocrx_word' id='word_1_151' title='bbox 522 1956 638 2044; x_wconf 89' lang='lat' dir='ltr'>Neque</span> <span class='ocrx_word' id='word_1_152' title='bbox 652 1955 772 2021; x_wconf 90' lang='lat' dir='ltr'>idcirco</span> <span class='ocrx_word' id='word_1_153' title='bbox 787 1955 906 2045; x_wconf 84' lang='lat' dir='ltr'>copias,</span> <span class='ocrx_word' id='word_1_154' title='bbox 920 1975 1118 2044; x_wconf 83' lang='lat' dir='ltr'>quamquam</span> <span class='ocrx_word' id='word_1_155' title='bbox 1141 1964 1234 2018; x_wconf 86' lang='lat' dir='ltr'>erant</span> 
     </span>
     <span class='ocr_line' id='line_1_20' title="bbox 137 2039 1235 2130; baseline -0.003 -23"><span class='ocrx_word' id='word_1_156' title='bbox 137 2065 250 2130; x_wconf 76' lang='lat' dir='ltr'>paucae</span> <span class='ocrx_word' id='word_1_157' title='bbox 273 2042 491 2130; x_wconf 83' lang='lat' dir='ltr'>tironumque,</span> <span class='ocrx_word' id='word_1_158' title='bbox 516 2064 581 2109; x_wconf 90' lang='lat' dir='ltr'>nou</span> <span class='ocrx_word' id='word_1_159' title='bbox 604 2043 765 2108; x_wconf 82' lang='lat' dir='ltr'>educebat</span> <span class='ocrx_word' id='word_1_160' title='bbox 787 2044 820 2110; x_wconf 91' lang='lat' dir='ltr'>in</span> <span class='ocrx_word' id='word_1_161' title='bbox 843 2044 965 2116; x_wconf 80' lang='lat' dir='ltr'>aciem:</span> <span class='ocrx_word' id='word_1_162' title='bbox 987 2039 1077 2130; x_wconf 91' lang='lat' dir='ltr'>quod</span> <span class='ocrx_word' id='word_1_163' title='bbox 1092 2039 1235 2106; x_wconf 84' lang='lat' dir='ltr'>victoriae</span> 
     </span>
     <span class='ocr_line' id='line_1_21' title="bbox 136 2125 1237 2215; baseline -0.004 -22"><span class='ocrx_word' id='word_1_164' title='bbox 136 2151 271 2194; x_wconf 81' lang='lat' dir='ltr'>anorum</span> <span class='ocrx_word' id='word_1_165' title='bbox 300 2128 483 2204; x_wconf 88' lang='lat' dir='ltr'>diffideret;</span> <span class='ocrx_word' id='word_1_166' title='bbox 529 2130 583 2198; x_wconf 86' lang='lat' dir='ltr'>aed</span> <span class='ocrx_word' id='word_1_167' title='bbox 614 2130 737 2196; x_wconf 86' lang='lat' dir='ltr'>referre</span> <span class='ocrx_word' id='word_1_168' title='bbox 780 2130 1019 2206; x_wconf 79' lang='lat' dir='ltr'>arbitrabatur,</span> <span class='ocrx_word' id='word_1_169' title='bbox 1059 2125 1237 2215; x_wconf 85' lang='lat' dir='ltr'>cujusmodi</span> 
     </span>
     <span class='ocr_line' id='line_1_22' title="bbox 138 2213 1236 2305; baseline -0.003 -24"><span class='ocrx_word' id='word_1_170' title='bbox 138 2216 276 2282; x_wconf 83' lang='lat' dir='ltr'>victoria</span> <span class='ocrx_word' id='word_1_171' title='bbox 294 2227 376 2280; x_wconf 70' lang='lat' dir='ltr'>emet</span> <span class='ocrx_word' id='word_1_172' title='bbox 389 2217 522 2280; x_wconf 84' lang='lat' dir='ltr'>futura:</span> <span class='ocrx_word' id='word_1_173' title='bbox 546 2227 645 2305; x_wconf 88' lang='lat' dir='ltr'>turpe</span> <span class='ocrx_word' id='word_1_174' title='bbox 659 2219 743 2282; x_wconf 89' lang='lat' dir='ltr'>enim</span> <span class='ocrx_word' id='word_1_175' title='bbox 757 2218 817 2283; x_wconf 89' lang='lat' dir='ltr'>sibi</span> <span class='ocrx_word' id='word_1_176' title='bbox 839 2217 1053 2292; x_wconf 83' lang='lat' dir='ltr'>existimabat,</span> <span class='ocrx_word' id='word_1_177' title='bbox 1074 2225 1125 2280; x_wconf 91' lang='lat' dir='ltr'>tot</span> <span class='ocrx_word' id='word_1_178' title='bbox 1139 2213 1236 2279; x_wconf 84' lang='lat' dir='ltr'>rebus</span> 
     </span>
     <span class='ocr_line' id='line_1_23' title="bbox 137 2300 1238 2390; baseline -0.001 -23"><span class='ocrx_word' id='word_1_179' title='bbox 137 2302 238 2390; x_wconf 78' lang='lat' dir='ltr'>gestis</span> <span class='ocrx_word' id='word_1_180' title='bbox 252 2301 415 2389; x_wconf 87' lang='lat' dir='ltr'>tantisque</span> <span class='ocrx_word' id='word_1_181' title='bbox 429 2302 621 2370; x_wconf 85' lang='lat' dir='ltr'>exercitibus</span> <span class='ocrx_word' id='word_1_182' title='bbox 639 2303 786 2380; x_wconf 87' lang='lat' dir='ltr'>devictis,</span> <span class='ocrx_word' id='word_1_183' title='bbox 809 2318 860 2370; x_wconf 87' lang='lat' dir='ltr'>tot</span> <span class='ocrx_word' id='word_1_184' title='bbox 886 2317 953 2370; x_wconf 84' lang='lat' dir='ltr'>tom</span> <span class='ocrx_word' id='word_1_185' title='bbox 977 2302 1070 2368; x_wconf 86' lang='lat' dir='ltr'>claris</span> <span class='ocrx_word' id='word_1_186' title='bbox 1094 2300 1238 2368; x_wconf 87' lang='lat' dir='ltr'>victoriis</span> 
     </span>
     <span class='ocr_line' id='line_1_24' title="bbox 138 2388 1252 2540; baseline -0.003 -86"><span class='ocrx_word' id='word_1_187' title='bbox 138 2389 255 2540; x_wconf 80' lang='lat' dir='ltr'>partis,</span> <span class='ocrx_word' id='word_1_188' title='bbox 268 2388 312 2454; x_wconf 91' lang='lat' dir='ltr'>ab</span> <span class='ocrx_word' id='word_1_189' title='bbox 326 2389 461 2477; x_wconf 86' lang='lat' dir='ltr'>reliquis</span> <span class='ocrx_word' id='word_1_190' title='bbox 474 2389 575 2479; x_wconf 85' lang='lat' dir='ltr'>copiis</span> <span class='ocrx_word' id='word_1_191' title='bbox 588 2389 845 2458; x_wconf 85' lang='lat' dir='ltr'>adversariorum</span> <span class='ocrx_word' id='word_1_192' title='bbox 859 2415 1004 2466; x_wconf 90' lang='lat' dir='ltr'>suorum,</span> <span class='ocrx_word' id='word_1_193' title='bbox 1019 2414 1059 2456; x_wconf 80' lang='lat' dir='ltr'>ex</span> <span class='ocrx_word' id='word_1_194' title='bbox 1069 2392 1150 2538; x_wconf 71' lang='lat' dir='ltr'>fugla</span> <span class='ocrx_word' id='word_1_195' title='bbox 1165 2409 1252 2471; x_wconf 51' lang='lat' dir='ltr'>com,</span> 
     </span>
     <span class='ocr_line' id='line_1_25' title="bbox 150 2477 1240 2627; baseline -0.003 -86"><span class='ocrx_word' id='word_1_196' title='bbox 150 2477 244 2551; x_wconf 88' lang='lat' dir='ltr'>ectis,</span> <span class='ocrx_word' id='word_1_197' title='bbox 267 2499 300 2541; x_wconf 89' lang='lat' dir='ltr'>se</span> <span class='ocrx_word' id='word_1_198' title='bbox 322 2489 491 2627; x_wconf 64' lang='lat' dir='ltr'>crueqtam</span> <span class='ocrx_word' id='word_1_199' title='bbox 511 2477 668 2565; x_wconf 88' lang='lat' dir='ltr'>adeptum</span> <span class='ocrx_word' id='word_1_200' title='bbox 689 2479 864 2545; x_wconf 80' lang='lat' dir='ltr'>existimari</span> <span class='ocrx_word' id='word_1_201' title='bbox 890 2479 1070 2545; x_wconf 83' lang='lat' dir='ltr'>victoriam.</span> <span class='ocrx_word' id='word_1_202' title='bbox 1142 2487 1240 2562; x_wconf 88' lang='lat' dir='ltr'>taque</span> 
     </span>
    </p>

    <p class='ocr_par' dir='ltr' id='par_1_11' title="bbox 138 2560 1303 2653">
     <span class='ocr_line' id='line_1_26' title="bbox 138 2560 1303 2653; baseline -0.003 -25"><span class='ocrx_word' id='word_1_203' title='bbox 138 2564 361 2639; x_wconf 86' lang='lat' dir='ltr'>constituerat,</span> <span class='ocrx_word' id='word_1_204' title='bbox 389 2565 525 2650; x_wconf 83' lang='lat' dir='ltr'>goriam</span> <span class='ocrx_word' id='word_1_205' title='bbox 555 2565 864 2653; x_wconf 86' lang='lat' dir='ltr'>exsultationemque</span> <span class='ocrx_word' id='word_1_206' title='bbox 888 2589 1000 2633; x_wconf 87' lang='lat' dir='ltr'>eorum</span> <span class='ocrx_word' id='word_1_207' title='bbox 1027 2565 1109 2652; x_wconf 85' lang='lat' dir='ltr'>pati,</span> <span class='ocrx_word' id='word_1_208' title='bbox 1134 2560 1237 2626; x_wconf 91' lang='lat' dir='ltr'>donec</span> <span class='ocrx_word' id='word_1_209' title='bbox 1297 2571 1303 2584; x_wconf 66' lang='lat'>¹</span> 
     </span>
    </p>
   </div>
   <div class='ocr_carea' id='block_1_11' title="bbox 23 2648 1238 2742">
    <p class='ocr_par' dir='ltr' id='par_1_12' title="bbox 23 2648 1238 2742">
     <span class='ocr_line' id='line_1_27' title="bbox 23 2648 1238 2742; baseline -0.002 -28"><span class='ocrx_word' id='word_1_210' title='bbox 23 2677 27 2689; x_wconf 90' lang='lat'>·</span> <span class='ocrx_word' id='word_1_211' title='bbox 138 2648 201 2714; x_wconf 88' lang='lat' dir='ltr'>sibi</span> <span class='ocrx_word' id='word_1_212' title='bbox 215 2662 442 2729; x_wconf 84' lang='lat' dir='ltr'>veteranarum</span> <span class='ocrx_word' id='word_1_213' title='bbox 458 2651 623 2740; x_wconf 82' lang='lat' dir='ltr'>legionum</span> <span class='ocrx_word' id='word_1_214' title='bbox 637 2673 713 2740; x_wconf 81' lang='lat' dir='ltr'>pare</span> <span class='ocrx_word' id='word_1_215' title='bbox 728 2652 839 2742; x_wconf 84' lang='lat' dir='ltr'>aliqua</span> <span class='ocrx_word' id='word_1_216' title='bbox 855 2650 1042 2718; x_wconf 85' lang='lat' dir='ltr'>insecundo</span> <span class='ocrx_word' id='word_1_217' title='bbox 1058 2658 1238 2714; x_wconf 85' lang='lat' dir='ltr'>commeatu</span> 
     </span>
    </p>
   </div>
   <div class='ocr_carea' id='block_1_12' title="bbox 15 4223 184 4272">
    <p class='ocr_par' dir='ltr' id='par_1_13' title="bbox 15 4223 184 4272">
     <span class='ocr_line' id='line_1_28' title="bbox 15 4223 184 4272; baseline -0.006 1"><span class='ocrx_word' id='word_1_218' title='bbox 15 4223 184 4272; x_wconf 70' lang='grc' dir='ltr'>’.Μ</span> 
     </span>
    </p>
   </div>
   <div class='ocr_carea' id='block_1_13' title="bbox 139 2737 1292 3262">
    <p class='ocr_par' dir='ltr' id='par_1_14' title="bbox 139 2737 1271 2807">
     <span class='ocr_line' id='line_1_29' title="bbox 139 2737 1271 2807; baseline 0.004 -5"><span class='ocrx_word' id='word_1_219' title='bbox 139 2737 341 2802; x_wconf 77' lang='lat' dir='ltr'>occurrisset.</span> <span class='ocrx_word' id='word_1_220' title='bbox 656 2799 660 2804; x_wconf 90' lang='lat'>.</span> <span class='ocrx_word' id='word_1_221' title='bbox 980 2786 984 2796; x_wconf 78' lang='lat'>,</span> <span class='ocrx_word' id='word_1_222' title='bbox 1262 2796 1271 2807; x_wconf 85' lang='lat'>.</span> 
     </span>
    </p>

    <p class='ocr_par' dir='ltr' id='par_1_15' title="bbox 140 2813 1292 3262">
     <span class='ocr_line' id='line_1_30' title="bbox 183 2813 1292 2974; baseline -0.003 -85"><span class='ocrx_word' id='word_1_223' title='bbox 183 2824 240 2889; x_wconf 84' lang='lat'>32.</span> <span class='ocrx_word' id='word_1_224' title='bbox 265 2823 375 2912; x_wconf 88' lang='lat' dir='ltr'>Scipio</span> <span class='ocrx_word' id='word_1_225' title='bbox 400 2822 541 2898; x_wconf 81' lang='lat' dir='ltr'>iuterim,</span> <span class='ocrx_word' id='word_1_226' title='bbox 554 2823 759 2974; x_wconf 81' lang='lat' dir='ltr'>dpaullisper,</span> <span class='ocrx_word' id='word_1_227' title='bbox 783 2837 831 2890; x_wconf 91' lang='lat' dir='ltr'>ut·</span> <span class='ocrx_word' id='word_1_228' title='bbox 847 2836 921 2890; x_wconf 90' lang='lat' dir='ltr'>ante</span> <span class='ocrx_word' id='word_1_229' title='bbox 945 2823 1024 2900; x_wconf 86' lang='lat' dir='ltr'>dixi,</span> <span class='ocrx_word' id='word_1_230' title='bbox 1052 2823 1085 2888; x_wconf 93' lang='lat' dir='ltr'>in</span> <span class='ocrx_word' id='word_1_231' title='bbox 1107 2845 1146 2888; x_wconf 90' lang='lat' dir='ltr'>eo</span> <span class='ocrx_word' id='word_1_232' title='bbox 1167 2820 1240 2887; x_wconf 88' lang='lat' dir='ltr'>loco</span> <span class='ocrx_word' id='word_1_233' title='bbox 1281 2813 1292 2827; x_wconf 78' lang='lat'><em>&#39;</em></span> 
     </span>
     <span class='ocr_line' id='line_1_31' title="bbox 140 2907 1240 2999; baseline -0.002 -25"><span class='ocrx_word' id='word_1_234' title='bbox 140 2923 369 2986; x_wconf 88' lang='lat' dir='ltr'>commoratus,</span> <span class='ocrx_word' id='word_1_235' title='bbox 392 2924 431 2976; x_wconf 91' lang='lat' dir='ltr'>ut</span> <span class='ocrx_word' id='word_1_236' title='bbox 449 2910 542 2999; x_wconf 86' lang='lat' dir='ltr'>qnasi</span> <span class='ocrx_word' id='word_1_237' title='bbox 579 2911 734 2999; x_wconf 83' lang='lat' dir='ltr'>espexisae</span> <span class='ocrx_word' id='word_1_238' title='bbox 760 2912 916 2977; x_wconf 63' lang='lat' dir='ltr'>Caearem</span> <span class='ocrx_word' id='word_1_239' title='bbox 942 2910 1123 2986; x_wconf 85' lang='lat' dir='ltr'>videretur,</span> <span class='ocrx_word' id='word_1_240' title='bbox 1147 2907 1240 2996; x_wconf 89' lang='lat' dir='ltr'>paul-</span> 
     </span>
     <span class='ocr_line' id='line_1_32' title="bbox 141 2993 1239 3098; baseline -0.004 -36"><span class='ocrx_word' id='word_1_241' title='bbox 141 2995 234 3062; x_wconf 80' lang='lat' dir='ltr'>latim</span> <span class='ocrx_word' id='word_1_242' title='bbox 253 2997 381 3064; x_wconf 87' lang='lat' dir='ltr'>reducit</span> <span class='ocrx_word' id='word_1_243' title='bbox 394 3020 468 3062; x_wconf 86' lang='lat' dir='ltr'>suas</span> <span class='ocrx_word' id='word_1_244' title='bbox 481 2997 590 3098; x_wconf 86' lang='lat' dir='ltr'>copias</span> <span class='ocrx_word' id='word_1_245' title='bbox 604 2997 637 3062; x_wconf 92' lang='lat' dir='ltr'>in</span> <span class='ocrx_word' id='word_1_246' title='bbox 652 3009 758 3064; x_wconf 85' lang='lat' dir='ltr'>castra</span> <span class='ocrx_word' id='word_1_247' title='bbox 776 3011 822 3075; x_wconf 88' lang='lat' dir='ltr'>et,</span> <span class='ocrx_word' id='word_1_248' title='bbox 841 2999 992 3064; x_wconf 87' lang='lat' dir='ltr'>concione</span> <span class='ocrx_word' id='word_1_249' title='bbox 1007 2997 1176 3072; x_wconf 86' lang='lat' dir='ltr'>advocata,</span> <span class='ocrx_word' id='word_1_250' title='bbox 1198 2993 1239 3060; x_wconf 90' lang='lat' dir='ltr'>de</span> 
     </span>
     <span class='ocr_line' id='line_1_33' title="bbox 140 3081 1241 3172; baseline -0.003 -23"><span class='ocrx_word' id='word_1_251' title='bbox 140 3097 269 3150; x_wconf 81' lang='lat' dir='ltr'>terrore</span> <span class='ocrx_word' id='word_1_252' title='bbox 297 3108 356 3150; x_wconf 89' lang='lat' dir='ltr'>suo</span> <span class='ocrx_word' id='word_1_253' title='bbox 377 3084 664 3172; x_wconf 79' lang='lat' dir='ltr'>desperationeque</span> <span class='ocrx_word' id='word_1_254' title='bbox 689 3085 849 3152; x_wconf 88' lang='lat' dir='ltr'>exercitus</span> <span class='ocrx_word' id='word_1_255' title='bbox 873 3085 1006 3152; x_wconf 81' lang='lat' dir='ltr'>Oaesaris</span> <span class='ocrx_word' id='word_1_256' title='bbox 1033 3085 1135 3150; x_wconf 88' lang='lat' dir='ltr'>verba</span> <span class='ocrx_word' id='word_1_257' title='bbox 1161 3081 1241 3147; x_wconf 85' lang='lat' dir='ltr'>facit</span> 
     </span>
     <span class='ocr_line' id='line_1_34' title="bbox 141 3169 1240 3262; baseline -0.002 -27"><span class='ocrx_word' id='word_1_258' title='bbox 141 3183 190 3247; x_wconf 89' lang='lat' dir='ltr'>et,</span> <span class='ocrx_word' id='word_1_259' title='bbox 206 3169 392 3237; x_wconf 86' lang='lat' dir='ltr'>cohortatus</span> <span class='ocrx_word' id='word_1_260' title='bbox 405 3194 490 3247; x_wconf 86' lang='lat' dir='ltr'>suos,</span> <span class='ocrx_word' id='word_1_261' title='bbox 511 3172 679 3238; x_wconf 86' lang='lat' dir='ltr'>victoriam</span> <span class='ocrx_word' id='word_1_262' title='bbox 694 3172 862 3262; x_wconf 87' lang='lat' dir='ltr'>propriam</span> <span class='ocrx_word' id='word_1_263' title='bbox 876 3197 911 3238; x_wconf 92' lang='lat' dir='ltr'>se</span> <span class='ocrx_word' id='word_1_264' title='bbox 924 3173 968 3238; x_wconf 92' lang='lat' dir='ltr'>eis</span> <span class='ocrx_word' id='word_1_265' title='bbox 979 3171 1072 3239; x_wconf 78' lang='lat' dir='ltr'>brevi</span> <span class='ocrx_word' id='word_1_266' title='bbox 1084 3170 1240 3235; x_wconf 89' lang='lat' dir='ltr'>daturum</span> 
     </span>
    </p>
   </div>
   <div class='ocr_carea' id='block_1_14' title="bbox 145 3308 1312 4420">
    <p class='ocr_par' dir='ltr' id='par_1_16' title="bbox 145 3308 1242 3505">
     <span class='ocr_line' id='line_1_35' title="bbox 179 3308 1242 3376; baseline -0.004 -16"><span class='ocrx_word' id='word_1_267' title='bbox 179 3310 410 3376; x_wconf 71' lang='lat' dir='ltr'>Prospemlnretur.</span> <span class='ocrx_word' id='word_1_268' title='bbox 440 3308 492 3359; x_wconf 80' lang='lat' dir='ltr'>Alii</span> <span class='ocrx_word' id='word_1_269' title='bbox 510 3314 669 3374; x_wconf 70' lang='lat' dir='ltr'>perspecula-</span> <span class='ocrx_word' id='word_1_270' title='bbox 717 3321 825 3376; x_wconf 84' lang='lat' dir='ltr'>suntque</span> <span class='ocrx_word' id='word_1_271' title='bbox 859 3315 925 3371; x_wconf 70' lang='lat' dir='ltr'>caeci,</span> <span class='ocrx_word' id='word_1_272' title='bbox 963 3311 1024 3376; x_wconf 84' lang='lat' dir='ltr'>quia</span> <span class='ocrx_word' id='word_1_273' title='bbox 1053 3323 1103 3358; x_wconf 89' lang='lat' dir='ltr'>non</span> <span class='ocrx_word' id='word_1_274' title='bbox 1137 3315 1242 3372; x_wconf 79' lang='lat' dir='ltr'>potsunt</span> 
     </span>
     <span class='ocr_line' id='line_1_36' title="bbox 145 3373 1241 3440; baseline -0.005 -14"><span class='ocrx_word' id='word_1_275' title='bbox 145 3375 248 3426; x_wconf 64' lang='lat' dir='ltr'>omne.</span> <span class='ocrx_word' id='word_1_276' title='bbox 264 3377 309 3425; x_wconf 82' lang='lat' dir='ltr'>sed</span> <span class='ocrx_word' id='word_1_277' title='bbox 329 3376 395 3426; x_wconf 85' lang='lat' dir='ltr'>istud</span> <span class='ocrx_word' id='word_1_278' title='bbox 413 3374 506 3440; x_wconf 86' lang='lat' dir='ltr'>optimi</span> <span class='ocrx_word' id='word_1_279' title='bbox 516 3376 592 3424; x_wconf 88' lang='lat' dir='ltr'>codd.</span> <span class='ocrx_word' id='word_1_280' title='bbox 603 3377 664 3426; x_wconf 83' lang='lat' dir='ltr'>dant</span> <span class='ocrx_word' id='word_1_281' title='bbox 717 3375 798 3426; x_wconf 91' lang='lat' dir='ltr'>cerni.</span> <span class='ocrx_word' id='word_1_282' title='bbox 819 3393 842 3426; x_wconf 88' lang='lat' dir='ltr'>v.</span> <span class='ocrx_word' id='word_1_283' title='bbox 864 3379 917 3426; x_wconf 86' lang='lat' dir='ltr'>lud.</span> <span class='ocrx_word' id='word_1_284' title='bbox 954 3379 991 3426; x_wconf 83' lang='grc' dir='ltr'>Μ.</span> <span class='ocrx_word' id='word_1_285' title='bbox 1028 3378 1091 3425; x_wconf 71' lang='lat' dir='ltr'>cuci.</span> <span class='ocrx_word' id='word_1_286' title='bbox 1120 3385 1149 3423; x_wconf 83' lang='lat' dir='ltr'>ut</span> <span class='ocrx_word' id='word_1_287' title='bbox 1170 3373 1241 3437; x_wconf 83' lang='lat' dir='ltr'>apud</span> 
     </span>
     <span class='ocr_line' id='line_1_37' title="bbox 145 3437 1238 3505; baseline -0.003 -16"><span class='ocrx_word' id='word_1_288' title='bbox 145 3441 239 3489; x_wconf 87' lang='lat' dir='ltr'>etedd.</span> <span class='ocrx_word' id='word_1_289' title='bbox 250 3450 301 3490; x_wconf 85' lang='lat' dir='ltr'>vet.</span> <span class='ocrx_word' id='word_1_290' title='bbox 719 3441 790 3505; x_wconf 81' lang='lat' dir='ltr'>Virg.</span> <span class='ocrx_word' id='word_1_291' title='bbox 810 3443 868 3491; x_wconf 81' lang='lat' dir='ltr'>AEn.</span> <span class='ocrx_word' id='word_1_292' title='bbox 880 3445 904 3500; x_wconf 85' lang='lat'>6,</span> <span class='ocrx_word' id='word_1_293' title='bbox 923 3445 963 3492; x_wconf 82' lang='lat'>80.</span> <span class='ocrx_word' id='word_1_294' title='bbox 981 3456 1048 3492; x_wconf 70' lang='grc' dir='ltr'>σασα</span> <span class='ocrx_word' id='word_1_295' title='bbox 1067 3443 1176 3504; x_wconf 62' lang='lat' dir='ltr'>vestique.</span> <span class='ocrx_word' id='word_1_296' title='bbox 1199 3437 1238 3487; x_wconf 80' lang='lat' dir='ltr'>ct.</span> 
     </span>
    </p>

    <p class='ocr_par' dir='ltr' id='par_1_17' title="bbox 180 3504 949 3566">
     <span class='ocr_line' id='line_1_38' title="bbox 180 3504 949 3566; baseline 0 -11"><span class='ocrx_word' id='word_1_297' title='bbox 180 3507 279 3556; x_wconf 55' lang='lat' dir='ltr'>Petam</span> <span class='ocrx_word' id='word_1_298' title='bbox 294 3509 405 3556; x_wconf 67' lang='lat' dir='ltr'>meatu.</span> <span class='ocrx_word' id='word_1_299' title='bbox 434 3504 475 3556; x_wconf 88' lang='lat' dir='ltr'>Sic</span> <span class='ocrx_word' id='word_1_300' title='bbox 493 3514 520 3554; x_wconf 85' lang='lat' dir='ltr'>et</span> <span class='ocrx_word' id='word_1_301' title='bbox 531 3504 627 3554; x_wconf 80' lang='lat' dir='ltr'>vitruv.</span> <span class='ocrx_word' id='word_1_302' title='bbox 648 3508 670 3564; x_wconf 90' lang='lat' dir='ltr'>l,</span> <span class='ocrx_word' id='word_1_303' title='bbox 718 3506 949 3566; x_wconf 76' lang='lat' dir='ltr'>Non.Marc.6,t.</span> 
     </span>
    </p>

    <p class='ocr_par' dir='ltr' id='par_1_18' title="bbox 147 3568 1245 3831">
     <span class='ocr_line' id='line_1_39' title="bbox 148 3568 1242 3634; baseline -0.001 -16"><span class='ocrx_word' id='word_1_304' title='bbox 148 3571 173 3618; x_wconf 89' lang='lat' dir='ltr'>l.</span> <span class='ocrx_word' id='word_1_305' title='bbox 182 3575 277 3634; x_wconf 75' lang='lat' dir='ltr'>peritur</span> <span class='ocrx_word' id='word_1_306' title='bbox 291 3572 397 3622; x_wconf 68' lang='lat' dir='ltr'>motu.</span> <span class='ocrx_word' id='word_1_307' title='bbox 414 3568 529 3620; x_wconf 78' lang='lat' dir='ltr'>lactent.</span> <span class='ocrx_word' id='word_1_308' title='bbox 540 3571 598 3619; x_wconf 76' lang='lat' dir='ltr'>Dis.</span> <span class='ocrx_word' id='word_1_309' title='bbox 610 3572 673 3632; x_wconf 73' lang='lat' dir='ltr'>lnst,</span> <span class='ocrx_word' id='word_1_310' title='bbox 753 3573 915 3622; x_wconf 78' lang='lat' dir='ltr'>Peticuteme</span> <span class='ocrx_word' id='word_1_311' title='bbox 932 3589 956 3622; x_wconf 89' lang='lat' dir='ltr'>c.</span> <span class='ocrx_word' id='word_1_312' title='bbox 966 3577 997 3623; x_wconf 79' lang='lat'>80</span> <span class='ocrx_word' id='word_1_313' title='bbox 1006 3569 1166 3620; x_wconf 86' lang='lat' dir='ltr'>scribendum</span> <span class='ocrx_word' id='word_1_314' title='bbox 1177 3583 1242 3628; x_wconf 80' lang='lat' dir='ltr'>esse,</span> 
     </span>
     <span class='ocr_line' id='line_1_40' title="bbox 147 3635 1241 3701; baseline 0 -19"><span class='ocrx_word' id='word_1_315' title='bbox 147 3639 173 3695; x_wconf 76' lang='grc'>5,</span> <span class='ocrx_word' id='word_1_316' title='bbox 188 3637 287 3686; x_wconf 69' lang='lat' dir='ltr'>homi</span> <span class='ocrx_word' id='word_1_317' title='bbox 301 3651 391 3701; x_wconf 70' lang='lat' dir='ltr'>ponere</span> <span class='ocrx_word' id='word_1_318' title='bbox 409 3637 550 3686; x_wconf 69' lang='lat' dir='ltr'>litterarum</span> <span class='ocrx_word' id='word_1_319' title='bbox 566 3639 670 3700; x_wconf 67' lang='lat' dir='ltr'>peram.</span> <span class='ocrx_word' id='word_1_320' title='bbox 718 3635 873 3686; x_wconf 87' lang='lat' dir='ltr'>Ciacconius</span> <span class='ocrx_word' id='word_1_321' title='bbox 884 3635 981 3698; x_wconf 87' lang='lat' dir='ltr'>docuit,</span> <span class='ocrx_word' id='word_1_322' title='bbox 999 3635 1047 3686; x_wconf 85' lang='lat' dir='ltr'>etsi</span> <span class='ocrx_word' id='word_1_323' title='bbox 1062 3650 1149 3684; x_wconf 87' lang='lat' dir='ltr'>omnes</span> <span class='ocrx_word' id='word_1_324' title='bbox 1165 3635 1241 3683; x_wconf 87' lang='lat' dir='ltr'>codd.</span> 
     </span>
     <span class='ocr_line' id='line_1_41' title="bbox 148 3697 1242 3766; baseline 0 -18"><span class='ocrx_word' id='word_1_325' title='bbox 148 3699 203 3749; x_wconf 79' lang='lat' dir='ltr'>Nec</span> <span class='ocrx_word' id='word_1_326' title='bbox 224 3715 285 3766; x_wconf 74' lang='lat' dir='ltr'>ergo</span> <span class='ocrx_word' id='word_1_327' title='bbox 302 3716 369 3764; x_wconf 85' lang='lat' dir='ltr'>opus</span> <span class='ocrx_word' id='word_1_328' title='bbox 385 3700 568 3750; x_wconf 84' lang='lat' dir='ltr'>emendatione.</span> <span class='ocrx_word' id='word_1_329' title='bbox 594 3700 669 3752; x_wconf 73' lang='lat' dir='ltr'>cte</span> <span class='ocrx_word' id='word_1_330' title='bbox 720 3702 973 3766; x_wconf 53' lang='lat' dir='ltr'>bohemanorum»,</span> <span class='ocrx_word' id='word_1_331' title='bbox 989 3703 1057 3766; x_wconf 85' lang='lat' dir='ltr'>quod</span> <span class='ocrx_word' id='word_1_332' title='bbox 1074 3697 1242 3748; x_wconf 67' lang='lat' dir='ltr'>emetienum</span> 
     </span>
     <span class='ocr_line' id='line_1_42' title="bbox 147 3764 1245 3831; baseline -0.003 -15"><span class='ocrx_word' id='word_1_333' title='bbox 147 3764 260 3816; x_wconf 76' lang='lat' dir='ltr'>Gronov.</span> <span class='ocrx_word' id='word_1_334' title='bbox 270 3768 302 3815; x_wconf 86' lang='lat' dir='ltr'>ad</span> <span class='ocrx_word' id='word_1_335' title='bbox 314 3765 382 3815; x_wconf 88' lang='lat' dir='ltr'>Gell.</span> <span class='ocrx_word' id='word_1_336' title='bbox 394 3771 419 3831; x_wconf 78' lang='lat'>4,</span> <span class='ocrx_word' id='word_1_337' title='bbox 429 3769 454 3814; x_wconf 81' lang='lat'>⁸.</span> <span class='ocrx_word' id='word_1_338' title='bbox 718 3767 754 3816; x_wconf 88' lang='lat' dir='ltr'>ab</span> <span class='ocrx_word' id='word_1_339' title='bbox 765 3767 791 3814; x_wconf 81' lang='lat' dir='ltr'>h.</span> <span class='ocrx_word' id='word_1_340' title='bbox 804 3768 822 3816; x_wconf 86' lang='lat' dir='ltr'>l.</span> <span class='ocrx_word' id='word_1_341' title='bbox 840 3768 880 3818; x_wconf 87' lang='grc' dir='ltr'>Μ.</span> <span class='ocrx_word' id='word_1_342' title='bbox 898 3767 1069 3818; x_wconf 83' lang='lat' dir='ltr'>Celsusetiam</span> <span class='ocrx_word' id='word_1_343' title='bbox 1078 3765 1137 3815; x_wconf 85' lang='lat' dir='ltr'>bic:</span> <span class='ocrx_word' id='word_1_344' title='bbox 1151 3771 1245 3829; x_wconf 72' lang='lat' dir='ltr'>pacoro</span> 
     </span>
    </p>

    <p class='ocr_par' dir='ltr' id='par_1_19' title="bbox 183 3829 1007 3898">
     <span class='ocr_line' id='line_1_43' title="bbox 183 3829 1007 3898; baseline -0.002 -16"><span class='ocrx_word' id='word_1_345' title='bbox 183 3831 276 3898; x_wconf 69' lang='lat' dir='ltr'>Iottoto</span> <span class='ocrx_word' id='word_1_346' title='bbox 281 3836 394 3896; x_wconf 64' lang='lat' dir='ltr'>peccam.</span> <span class='ocrx_word' id='word_1_347' title='bbox 405 3832 553 3881; x_wconf 70' lang='lat' dir='ltr'>condonate</span> <span class='ocrx_word' id='word_1_348' title='bbox 567 3829 670 3881; x_wconf 79' lang='lat' dir='ltr'>Terent.</span> <span class='ocrx_word' id='word_1_349' title='bbox 719 3835 873 3896; x_wconf 56' lang='lat' dir='ltr'>sapentiam</span> <span class='ocrx_word' id='word_1_350' title='bbox 883 3835 1007 3896; x_wconf 71' lang='lat' dir='ltr'>amplecti.</span> 
     </span>
    </p>

    <p class='ocr_par' dir='ltr' id='par_1_20' title="bbox 147 3893 1312 3962">
     <span class='ocr_line' id='line_1_44' title="bbox 147 3893 1312 3962; baseline -0.003 -16"><span class='ocrx_word' id='word_1_351' title='bbox 147 3895 199 3946; x_wconf 74' lang='lat' dir='ltr'>An.</span> <span class='ocrx_word' id='word_1_352' title='bbox 210 3898 236 3956; x_wconf 79' lang='lat'>8,</span> <span class='ocrx_word' id='word_1_353' title='bbox 246 3902 271 3956; x_wconf 84' lang='grc'>4,</span> <span class='ocrx_word' id='word_1_354' title='bbox 281 3900 321 3945; x_wconf 71' lang='grc'>98.</span> <span class='ocrx_word' id='word_1_355' title='bbox 331 3898 445 3960; x_wconf 75' lang='lat' dir='ltr'>ipsorum</span> <span class='ocrx_word' id='word_1_356' title='bbox 455 3905 498 3956; x_wconf 77' lang='lat' dir='ltr'>eat,</span> <span class='ocrx_word' id='word_1_357' title='bbox 513 3899 618 3946; x_wconf 77' lang='lat' dir='ltr'>tacitum</span> <span class='ocrx_word' id='word_1_358' title='bbox 626 3901 672 3945; x_wconf 75' lang='lat' dir='ltr'>eet.</span> <span class='ocrx_word' id='word_1_359' title='bbox 757 3899 843 3948; x_wconf 76' lang='lat' dir='ltr'>Gloria</span> <span class='ocrx_word' id='word_1_360' title='bbox 861 3901 1047 3962; x_wconf 67' lang='lat' dir='ltr'>occultamque,</span> <span class='ocrx_word' id='word_1_361' title='bbox 1063 3893 1174 3960; x_wconf 77' lang='lat' dir='ltr'>gestiens</span> <span class='ocrx_word' id='word_1_362' title='bbox 1189 3894 1246 3958; x_wconf 74' lang='lat' dir='ltr'>glo·</span> <span class='ocrx_word' id='word_1_363' title='bbox 1309 3951 1312 3957; x_wconf 8' lang='lat' dir='ltr'>p</span> 
     </span>
    </p>

    <p class='ocr_par' dir='ltr' id='par_1_21' title="bbox 149 3960 1247 4090">
     <span class='ocr_line' id='line_1_45' title="bbox 184 3960 862 4024; baseline -0.004 -12"><span class='ocrx_word' id='word_1_364' title='bbox 184 3961 366 4021; x_wconf 72' lang='lat' dir='ltr'>Quibumbut,</span> <span class='ocrx_word' id='word_1_365' title='bbox 377 3960 505 4024; x_wconf 80' lang='lat' dir='ltr'>inquibus</span> <span class='ocrx_word' id='word_1_366' title='bbox 513 3961 599 4020; x_wconf 82' lang='lat' dir='ltr'>rebus,</span> <span class='ocrx_word' id='word_1_367' title='bbox 614 3975 673 4024; x_wconf 78' lang='lat' dir='ltr'>qum</span> <span class='ocrx_word' id='word_1_368' title='bbox 722 3961 807 4011; x_wconf 86' lang='lat' dir='ltr'>riatio.</span> <span class='ocrx_word' id='word_1_369' title='bbox 825 3964 862 4012; x_wconf 76' lang='grc' dir='ltr'>Μ.</span> 
     </span>
     <span class='ocr_line' id='line_1_46' title="bbox 149 4023 1247 4090; baseline -0.004 -14"><span class='ocrx_word' id='word_1_370' title='bbox 149 4040 208 4076; x_wconf 77' lang='lat' dir='ltr'>cum</span> <span class='ocrx_word' id='word_1_371' title='bbox 220 4023 255 4075; x_wconf 80' lang='lat' dir='ltr'>ita</span> <span class='ocrx_word' id='word_1_372' title='bbox 264 4035 356 4076; x_wconf 83' lang='lat' dir='ltr'>essent.</span> <span class='ocrx_word' id='word_1_373' title='bbox 377 4027 415 4074; x_wconf 80' lang='grc' dir='ltr'>Μ.</span> <span class='ocrx_word' id='word_1_374' title='bbox 759 4028 792 4076; x_wconf 79' lang='lat' dir='ltr'>Ia</span> <span class='ocrx_word' id='word_1_375' title='bbox 807 4027 913 4079; x_wconf 76' lang='lat' dir='ltr'>mundo</span> <span class='ocrx_word' id='word_1_376' title='bbox 927 4033 1077 4078; x_wconf 68' lang='lat' dir='ltr'>mammem.</span> <span class='ocrx_word' id='word_1_377' title='bbox 1088 4023 1142 4074; x_wconf 86' lang='lat' dir='ltr'>vid.</span> <span class='ocrx_word' id='word_1_378' title='bbox 1152 4039 1210 4090; x_wconf 78' lang='lat' dir='ltr'>cap.</span> <span class='ocrx_word' id='word_1_379' title='bbox 1220 4028 1247 4073; x_wconf 84' lang='grc'>8.</span> 
     </span>
    </p>

    <p class='ocr_par' dir='ltr' id='par_1_22' title="bbox 149 4089 1249 4221">
     <span class='ocr_line' id='line_1_47' title="bbox 185 4089 1162 4156; baseline 0.001 -15"><span class='ocrx_word' id='word_1_380' title='bbox 185 4091 294 4150; x_wconf 66' lang='lat' dir='ltr'>laertia,</span> <span class='ocrx_word' id='word_1_381' title='bbox 305 4089 371 4156; x_wconf 83' lang='lat' dir='ltr'>pubi</span> <span class='ocrx_word' id='word_1_382' title='bbox 382 4090 514 4156; x_wconf 75' lang='lat' dir='ltr'>legatique</span> <span class='ocrx_word' id='word_1_383' title='bbox 522 4093 675 4153; x_wconf 76' lang='lat' dir='ltr'>erant3usu&#39;·</span> <span class='ocrx_word' id='word_1_384' title='bbox 724 4091 763 4142; x_wconf 81' lang='grc' dir='ltr'>Μ.</span> <span class='ocrx_word' id='word_1_385' title='bbox 1155 4105 1162 4132; x_wconf 64' lang='lat' dir='ltr'>t</span> 
     </span>
     <span class='ocr_line' id='line_1_48' title="bbox 149 4154 1249 4221; baseline 0 -15"><span class='ocrx_word' id='word_1_386' title='bbox 149 4158 349 4217; x_wconf 66' lang='lat' dir='ltr'>admetto,</span> <span class='ocrx_word' id='word_1_387' title='bbox 363 4157 465 4206; x_wconf 71' lang='lat' dir='ltr'>venum</span> <span class='ocrx_word' id='word_1_388' title='bbox 483 4157 675 4220; x_wconf 80' lang='lat' dir='ltr'>inpetraverant.</span> <span class='ocrx_word' id='word_1_389' title='bbox 760 4159 800 4206; x_wconf 83' lang='lat' dir='ltr'>De</span> <span class='ocrx_word' id='word_1_390' title='bbox 809 4166 963 4208; x_wconf 67' lang='lat' dir='ltr'>marco.</span> <span class='ocrx_word' id='word_1_391' title='bbox 976 4171 1054 4221; x_wconf 85' lang='lat' dir='ltr'>quem</span> <span class='ocrx_word' id='word_1_392' title='bbox 1066 4154 1120 4220; x_wconf 83' lang='lat' dir='ltr'>ipse</span> <span class='ocrx_word' id='word_1_393' title='bbox 1127 4154 1249 4206; x_wconf 65' lang='grc' dir='ltr'>θωὴ-</span> 
     </span>
    </p>

    <p class='ocr_par' dir='ltr' id='par_1_23' title="bbox 152 4221 1298 4420">
     <span class='ocr_line' id='line_1_49' title="bbox 724 4221 1249 4282; baseline -0.001 -11.507"><span class='ocrx_word' id='word_1_394' title='bbox 724 4221 923 4274; x_wconf 80' lang='lat' dir='ltr'>nisincusserat.</span> <span class='ocrx_word' id='word_1_395' title='bbox 951 4222 992 4273; x_wconf 85' lang='lat' dir='ltr'>Sic</span> <span class='ocrx_word' id='word_1_396' title='bbox 1004 4221 1128 4272; x_wconf 82' lang='lat' dir='ltr'>Pluedrur</span> <span class='ocrx_word' id='word_1_397' title='bbox 1138 4225 1249 4282; x_wconf 79' lang='lat' dir='ltr'>2,8.ae·</span> 
     </span>
     <span class='ocr_line' id='line_1_50' title="bbox 187 4284 1041 4354; baseline 0.002 -18"><span class='ocrx_word' id='word_1_398' title='bbox 187 4288 246 4336; x_wconf 69' lang='lat' dir='ltr'>mi</span> <span class='ocrx_word' id='word_1_399' title='bbox 259 4299 310 4336; x_wconf 88' lang='lat' dir='ltr'>non</span> <span class='ocrx_word' id='word_1_400' title='bbox 325 4284 552 4335; x_wconf 70' lang='lat' dir='ltr'>videntnrdifferre</span> <span class='ocrx_word' id='word_1_401' title='bbox 562 4301 578 4334; x_wconf 85' lang='lat' dir='ltr'>a</span> <span class='ocrx_word' id='word_1_402' title='bbox 588 4285 676 4336; x_wconf 80' lang='lat' dir='ltr'>stinu-</span> <span class='ocrx_word' id='word_1_403' title='bbox 724 4289 940 4354; x_wconf 71' lang='lat' dir='ltr'>suammfiepm</span> <span class='ocrx_word' id='word_1_404' title='bbox 947 4303 1041 4339; x_wconf 72' lang='lat' dir='ltr'>mm.</span> 
     </span>
     <span class='ocr_line' id='line_1_51' title="bbox 152 4347 1298 4420; baseline -0.001 -18"><span class='ocrx_word' id='word_1_405' title='bbox 152 4351 186 4404; x_wconf 82' lang='lat' dir='ltr'>lis</span> <span class='ocrx_word' id='word_1_406' title='bbox 196 4359 222 4402; x_wconf 84' lang='lat' dir='ltr'>et</span> <span class='ocrx_word' id='word_1_407' title='bbox 232 4349 306 4412; x_wconf 76' lang='lat' dir='ltr'>liliis,</span> <span class='ocrx_word' id='word_1_408' title='bbox 314 4351 346 4401; x_wconf 84' lang='lat' dir='ltr'>de</span> <span class='ocrx_word' id='word_1_409' title='bbox 355 4351 386 4402; x_wconf 82' lang='lat' dir='ltr'>B.</span> <span class='ocrx_word' id='word_1_410' title='bbox 396 4350 428 4402; x_wconf 84' lang='lat' dir='ltr'>G.</span> <span class='ocrx_word' id='word_1_411' title='bbox 440 4353 465 4412; x_wconf 76' lang='lat' dir='ltr'>t,</span> <span class='ocrx_word' id='word_1_412' title='bbox 476 4353 516 4402; x_wconf 84' lang='lat' dir='ltr'>ta.</span> <span class='ocrx_word' id='word_1_413' title='bbox 525 4350 674 4415; x_wconf 66' lang='lat' dir='ltr'>denriptisc</span> <span class='ocrx_word' id='word_1_414' title='bbox 765 4355 874 4405; x_wconf 68' lang='lat' dir='ltr'>Victoria</span> <span class='ocrx_word' id='word_1_415' title='bbox 880 4357 994 4420; x_wconf 76' lang='lat' dir='ltr'>proprio,</span> <span class='ocrx_word' id='word_1_416' title='bbox 1002 4362 1065 4406; x_wconf 72' lang='lat' dir='ltr'>uter</span> <span class='ocrx_word' id='word_1_417' title='bbox 1073 4367 1097 4403; x_wconf 87' lang='lat' dir='ltr'>c.</span> <span class='ocrx_word' id='word_1_418' title='bbox 1108 4351 1138 4398; x_wconf 72' lang='lat'>⁸2</span> <span class='ocrx_word' id='word_1_419' title='bbox 1149 4347 1255 4412; x_wconf 81' lang='lat' dir='ltr'>dicitur,</span> <span class='ocrx_word' id='word_1_420' title='bbox 1297 4374 1298 4388; x_wconf 35' lang='grc' dir='ltr'>π</span> 
     </span>
    </p>
   </div>
   <div class='ocr_carea' id='block_1_15' title="bbox 0 0 1481 4809">
    <p class='ocr_par' dir='ltr' id='par_1_24' title="bbox 0 0 1481 4809">
     <span class='ocr_line' id='line_1_52' title="bbox 0 0 1481 4809; baseline 0 0"><span class='ocrx_word' id='word_1_421' title='bbox 0 0 1481 4809; x_wconf 95' lang='lat' dir='ltr'> </span> 
     </span>
    </p>
   </div>
  </div>
 </body>
</html>
