2909 4809
40 1581 48 1592 ’
139 1569 353 1635 munitionum
377 1581 481 1636 essent
507 1569 665 1646 deductae,
685 1570 806 1636 auxilia

459 245 565 323 uu*
595 244 885 322 otuu-m.
1160 249 1243 322 461³
1345 237 1347 254 '

131 441 234 511 dones
255 443 359 511 -Oaasii
376 443 602 533 'Marcellique
624 456 852 532 componeret·
888 443 976 510 Huic
998 441 1137 510 venienti
1160 445 1226 510 sine

131 529 335 598 dubitatione
352 531 528 596 Marcellus
548 553 581 595 se
602 530 705 596 credit
723 543 822 618 atque
838 530 947 597 offert:
973 529 1099 596 Oassim
1114 543 1227 596 contra

134 617 199 682 suis
220 641 254 683 se
277 630 366 683 tenet
385 618 553 705 proesidiis3
574 617 641 683 sive
655 639 706 693 eo,
727 619 815 706 quod
834 619 906 706 plus
928 616 989 684 sibi
1011 618 1091 704 juris
1103 618 1227 693 deberi,

133 725 231 790 quam
247 705 417 780 Marcello,
434 705 655 777 existimabam
676 706 743 769 sive
754 726 804 780 eo,
819 705 920 792 quod,
933 727 972 770 ne
985 703 1243 793 preoccupatus

132 791 258 856 animus
266 790 380 880 Lepidi
392 803 475 857 esset
487 791 642 879 obsequio
653 791 840 866 adversarii,
852 791 1036 856 verebatur.
1058 835 1061 844 ·
1076 791 1172 855 Ponit
1186 788 1229 854 ad

136 875 249 943 Uliam
266 892 371 943 costra
394 877 552 966 Lepidum
575 899 679 964 neque
702 877 802 942 habet
825 900 845 942 a
870 875 1029 942 Marcello
1047 876 1230 964 quidquam

133 961 238 1028 divisi.
284 964 336 1028 Ne
356 976 534 1054 pugnetur,
556 963 734 1029 interdicit:
758 964 800 1028 ed
821 964 1005 1031 exeundum
1026 961 1230 1028 Cassiumin-

135 1050 220 1116 vitat
233 1048 394 1136 fidemque
407 1073 499 1116 suam
512 1051 544 1117 in
559 1074 595 1116 re
610 1050 694 1117 omni
708 1051 897 1139 interponit.
943 1051 1053 1126 Quum
1067 1049 1122 1116 diu
1137 1047 1231 1116 dubi-

135 1147 235 1202 tasset
256 1137 396 1212 Cassius,
414 1137 496 1224 quid
518 1138 578 1203 sibi
593 1136 773 1202 fa‘ciendum
812 1137 906 1204 nidne
928 1136 1051 1224 Lepido
1071 1148 1232 1202 essetcre-
1290 1177 1293 1190 ·

135 1220 295 1298 dendnm;
315 1246 421 1312 neque
436 1223 542 1289 ullum
563 1224 686 1288 exitum
707 1161 831 1290 consilii
853 1223 901 1288 aui
921 1223 1092 1312 reperiret,
1114 1224 1140 1288 si
1160 1245 1232 1312 per-

137 1322 284 1375 maneret
302 1311 336 1374 in
356 1310 532 1383 sententia;
555 1310 710 1399 postulat,
733 1310 781 1375 uti
802 1309 1257 1398 munitioneadiajicerentur·

136 1396 262 1484 sibique
278 1396 363 1462 liber
375 1397 480 1462 exitus
492 1395 637 1462 daretur.
684 1397 761 1462 Non
772 1409 901 1462 tantum
915 1396 1050 1462 induciis
1063 1397 1167 1473 factis,
1177 1395 1235 1461 sed

138 1505 245 1570 prope
256 1483 323 1571 jam
335 1483 512 1550 constituta
525 1505 626 1571 opera
637 1506 740 1572 quum
753 1505 822 1549 com
848 1484 1005 1560 lanarent,
1020 1482 1236 1569 custodiaeque

245 1569 252 1584 '
823 1507 932 1658 lliegis
958 1568 1047 1635 inid
1070 1569 1259 1634 castellum<

143 1655 313 1732 Marcelli,
345 1656 411 1722 uod
424 1657 609 1745 proximum
622 1668 695 1721 erat
784 1657 822 1721 iis
841 1655 964 1732 castris,
988 1673 1091 1742 neque
1105 1656 1237 1744 opinan-

141 1743 231 1808 tibus
252 1743 340 1808 omni
365 1767 413 1820 us,
435 1743 477 1826 (si
494 1742 655 1827 tamenssin
674 1745 759 1810 omni
784 1767 821 1808 us
843 1743 907 1808 fuit
928 1743 1070 1816 Cassius;
1099 1763 1174 1808 nam
1195 1740 1238 1806 de

142 1827 239 1917 hujus
259 1829 452 1895 conscientie
463 1827 707 1916 dubitabatur,)
728 1828 873 1917 inpetum
887 1829 1033 1900 fecerunt
1046 1830 1240 1917 complures·

143 1939 209 2016 que
225 1915 280 1981 ibi
301 1916 682 2004 milites'obpresaeruut.
730 1915 826 1991 Quod
844 1915 904 1980 nisi
920 1916 1078 1990 celeriter,
1097 1915 1240 2002 indignas

146 2004 235 2068 none
259 2014 294 2066 et
321 2001 440 2068 auxilio
456 2001 598 2093 -Lepidi,
628 2002 781 2089 proelium
807 2015 889 2066 esset
918 2001 1106 2074 diremtum:
1140 2001 1242 2088 major

146 2087 310 2154 calamitas
323 2100 490 2154 essetacce
514 2088 560 2154 ta.
682 2131 685 2136 -

190 2173 244 2240 64.
269 2175 380 2249 Quum
399 2175 463 2239 iter
480 2111 591 2240 dmin
634 2173 810 2239 atefactum
829 2175 922 2247 estet,
946 2181 1052 2238 caetra
1068 2170 1245 2237 Marcellus

147 2283 223 2326 enm
238 2259 362 2349 Lepido
377 2260 555 2348 conjungit.
649 2260 743 2347 pidus
758 2259 869 2324 eodem
892 2271 1038 2347 ternpore
1055 2258 1244 2324 Marcellus-

171 2370 213 2412 ue
229 2345 428 2421 Cordubam,
453 2345 578 2412 Cassius
599 2370 674 2412 cum
697 2345 774 2421 suis,
799 2345 1027 2434 proficiscitur.
1041 2345 1243 2410 Gannonam.
1304 2345 1309 2354 ’

147 2371 226 2499 iub
250 2431 336 2497 idem
358 2443 485 2520 tempus
506 2432 687 2498 Trebonius
711 2432 886 2498 Proconsul
911 2431 953 2504 ad
974 2432 1172 2520 provinciam
1192 2431 1248 2498 ob-
1297 2444 1301 2461 ¹

150 2517 316 2585 tinendam
343 2519 464 2607 venit·
488 2519 556 2584 De·
569 2519 659 2606 cujus
687 2517 830 2585 adventu
859 2530 896 2583 ut
924 2509 1081 2606 dognovit
1110 2519 1249 2595 Oessius,

152 2605 306 2705 legiones,
328 2627 407 2692 quas
420 2627 528 2674 smum
542 2604 711 2680 habuerat,
734 2603 977 2692 equitatumque
992 2605 1025 2669 in
1040 2605 1175 2670 hiberna
1188 2605 1250 2670 dis-

151 2691 286 2757 tribuit:
310 2690 390 2779 ipse,
406 2691 626 2772 omnibussuis
636 2692 733 2757 rebus
745 2691 891 2756 celeriter
903 2691 1074 2842 conreptis,
1089 2690 1251 2756 Malacam
1272 2773 1279 2776 -

153 2777 337 2852 contendit;
373 2778 484 2866 ibique
512 2777 647 2842 adverso
680 2789 823 2864 tempore
852 2777 989 2865 navigan
1014 2777 1025 2842 i
1053 2799 1149 2842 naves
1177 2799 1251 2842 con·
1315 2809 1319 2815 ¹

153 2863 290 2942 scandit,
313 2875 351 2928 ut
376 2865 442 2952 ipse
466 2863 674 2953 praedicabat,
699 2885 739 2928 ne
764 2887 796 2928 se
822 2862 948 2952 Lepido
973 2876 1008 2928 et
1030 2862 1191 2930 Trebonio
1207 2876 1252 2929 et

157 2951 319 3017 Marcello
331 2949 563 3026 committeiet3
587 2963 625 3015 ut
638 2950 731 3014 amici
745 2950 812 3038 ejus
827 2949 1034 3027 dictitabant,
1049 2973 1089 3016 ne
1110 2973 1168 3039 per
1183 2954 1253 3016 eam

32 3112 39 3126 ⁸
155 3036 355 3126 provinciam
377 3037 499 3103 minore
520 3061 595 3103 cum
614 3036 772 3125 dignitate
795 3037 857 3102 iter
880 3035 1011 3114 faceret,
1032 3039 1123 3126 cujus
1212 3058 1253 3102 na

156 3147 233 3213 pars
245 3124 341 3190 abeo
359 3121 537 3198 defeceram
559 3135 598 3189 ut
610 3124 709 3190 ceteri
723 3123 958 3200 existimabant,
980 3149 1019 3190 ue
1034 3059 1251 3211 pecunliailla,
1407 3175 1411 3183 .

155 3233 198 3302 er
212 3210 342 3276 infinitis
355 3210 475 3299 rapinis
486 3211 649 3286 confecta,
657 3210 692 3276 in
707 3222 900 3298 potestatem
914 3211 1103 3300 cujusquam
1118 3213 1248 3282 veniret
1358 3269 1361 3276 .

197 3409 333 3458 naeuos
353 3409 482 3458 se‘ereis't.
515 3407 566 3456 Dio
582 3407 687 3457 Cassisu
735 3409 857 3458 troversia
869 3409 922 3473 jam
938 3409 1122 3460 consensissent
1138 3418 1164 3460 et
1174 3411 1244 3460 muni

127 3485 131 3492 ·
164 3479 207 3533 ⁴2,
220 3476 258 3521 ls.
282 3472 398 3523 Marcelli
410 3488 492 3522 mores
502 3472 539 3522 sic
549 3473 686 3521 describit:
735 3473 817 3524 tiones
827 3475 1024 3538 complanarent.
1054 3475 1191 3534 Quodnisi
1219 3476 1258 3525 la·

163 3536 353 3587 eamvclaisse
373 3538 408 3588 ita
426 3553 454 3604 se
471 3553 565 3601 gerere,
581 3545 618 3597 ut,
633 3538 687 3586 sive
737 3547 802 3599 cent,
828 3555 910 3604 opera
933 3556 1013 3604 prope
1040 3542 1178 3590 constituta
1201 3491 1258 3589 iil.

164 3602 251 3652 (hear
275 3601 329 3650 sive
355 3602 496 3666 Pompeius
526 3601 688 3662 obtinuisset,
736 3611 816 3664 erunt,
827 3619 907 3668 prope
914 3605 966 3669 jam
976 3605 1094 3655 absoluta
1103 3613 1129 3655 et
1137 3605 1259 3670 perlecta.
1315 3629 1318 3642 ·

164 3667 264 3732 quippe
285 3668 397 3716 nondum
416 3667 485 3716 lama
501 3667 615 3716 victorias
631 3666 688 3716 Cre-
738 3669 793 3716 Erit
814 3669 891 3732 igitur
915 3670 1040 3735 exemplis
1067 3685 1142 3735 opus,
1162 3669 1259 3734 quibos

166 3732 230 3781 saris
247 3732 273 3780 iu
293 3731 442 3795 Hispaniam
463 3733 568 3795 perlata,
588 3732 697 3794 utrique.
739 3733 793 3782 haec
809 3733 884 3798 nujus
899 3735 1018 3798 phraseos
1035 3735 1259 3800 significatiocou-

164 3797 402 3848 iavimvideretur.
429 3796 555 3845 Stsivero
565 3797 689 3846 Caesarem
738 3797 856 3847 firmetur.
873 3800 911 3848 Μ.

168 3859 450 3924 labueritsliqaamdiu
468 3861 610 3923 obtensum,
626 3874 690 3925 quo·
775 3865 938 3912 Caesenam.
965 3864 1107 3930 Conicap.
1120 3867 1158 3913 st.
1189 3861 1261 3915 Male
1373 3912 1375 3920 s

167 3927 237 3976 niam
269 3934 357 3975 contra
383 3925 526 3989 longinum
558 3927 691 3990 pugnarit;
739 3926 800 3977 libri
811 3935 907 3976 veteres
920 3930 1062 3980 Narbonem
1072 3947 1094 3979 s.
1113 3929 1262 3980 Narbonem

167 4000 255 4052 umeq
272 3991 305 4040 ab
322 3992 466 4039 eotsndem
478 3991 578 4054 placato
594 3991 691 4040 cultum
740 3991 875 4051 exhibent;
892 4007 937 4046 uec
955 3993 1039 4057 placet
1060 3995 1143 4046 Norba
1164 3993 1264 4044 libelli-

169 4057 368 4119 boncratumqne
379 4071 445 4102 esse.
462 4056 500 4103 M.
741 4056 808 4115 cani,
826 4057 901 4121 longe
922 4058 980 4107 hinc
996 4060 1029 4107 ad
1043 4061 1141 4125 Tagum
1158 4070 1262 4110 remma.

204 4121 253 4170 Sal
271 4137 349 4185 prope
362 4144 398 4156 -
411 4122 605 4184 emptam.
644 4122 691 4180 Aa,
742 4122 810 4170 Beue
820 4122 939 4186 Scaliger,
948 4127 1111 4185 Carmonem,
1119 4141 1194 4190 quem
1206 4125 1264 4191 pls·

122 4237 126 4240 ,
168 4187 693 4259 ωδρωμρωωιιιιᾱιιωτο,ορ.ςιιιιω
743 4187 1100 4243 nemorumnemorum.

169 4253 259 4315 compi.
274 4249 405 4300 laecum
417 4264 497 4314 prope
507 4251 694 4300 de'ommcen·
898 4287 904 4298 .
997 4307 999 4310 ,
