2909 4809
135 778 138 785 “
235 761 387 830 Afranius
399 784 489 850 paene
504 785 596 828 omne
608 762 806 828 frumentum
818 775 893 832 aute
909 763 1045 828 Caesaris
1058 759 1234 826 adventum

225 183 315 307 ιιι
562 229 983 301 nsuuunocrvrur.

229 414 371 494 reuerti:
399 435 503 504 neque
525 413 655 480 maximi
681 414 865 492 comitatus,
886 413 942 503 qui
965 437 1008 494 en
1032 411 1128 494 Italis
1149 407 1326 506 Gallisque
1423 430 1427 436 ’

230 501 416 578 veniebant,
438 499 472 566 in
486 513 590 568 castra
604 501 773 590 pervenire
789 514 950 590 poteraut.
996 499 1138 590 Tempus
1159 507 1232 564 erat
1251 516 1328 560 anm

232 589 455 662 difficilimum,
473 611 540 676 quo
563 611 669 677 neque
692 587 857 656 frumenta
878 589 911 656 iu
933 587 1073 655 hibernis
1092 598 1197 662 erant,
1220 604 1329 670 neque

233 676 373 744 multum
387 699 406 739 a
420 674 608 739 maturitate
627 675 779 742 aberant:
811 700 849 742 ac
871 675 1018 742 civitates
1037 673 1216 746 calusinae,
1236 667 1329 822 ‹piliad

1278 777 1330 820 er-

233 850 309 916 dam
324 859 533 922 convexerat;
558 849 676 936 reliqui
691 849 716 914 si
731 849 811 936 quid
833 849 953 926 fuerat,
978 849 1086 916 Caesar
1107 844 1334 936 superioribus

234 935 351 1003 diebus
374 947 608 1000 consumserat:
642 960 770 1023 pecora,
796 935 885 1024 quod
907 937 1081 1004 secundum
1106 944 1237 1024 poterat
1263 951 1332 1028 epse
1379 938 1383 946 “

235 1023 352 1112 inopiae
365 1019 553 1096 subsidium,
576 1035 711 1111 propter
726 1022 847 1088 bellum
864 1023 1017 1089 finitumae
1035 1022 1183 1102 civitates
1203 1019 1332 1104 longius

237 1121 460 1176 removerant:
495 1109 552 1196 qui
580 1121 672 1174 erant
694 1109 869 1198 pabulandi
894 1123 952 1176 aut
981 1107 1197 1176 frumentandi
1223 1125 1334 1202 carina

237 1195 410 1288 progressi,
422 1195 480 1261 hos
494 1195 572 1260 levis
586 1209 758 1262 armaturas
774 1195 919 1264 Lusitani
939 1197 1102 1286 peritique
1124 1215 1235 1260 carum
1250 1212 1336 1278 rege

236 1306 334 1350 onum
348 1282 464 1347 cetrati
474 1281 632 1348 citerioris
648 1281 825 1372 Hispaniae,
840 1285 1117 1358 consectabantur,
1132 1281 1251 1370 quibus
1264 1286 1338 1344 erat

237 1367 382 1460 proclive
397 1382 562 1435 transnare
581 1369 713 1448 flumen,
736 1369 825 1472 quod
843 1371 1039 1438 consuetudo
1057 1391 1171 1438 eorum
1192 1365 1336 1432 omnium

238 1470 299 1534 est,
315 1467 354 1522 ut
369 1455 434 1522 sine
449 1455 825 1523 utribusadeirercrturn
839 1481 905 1526 nou
915 1470 1000 1525 eant.
1295 1537 1302 1550 ⁵

281 1542 335 1608 49.
361 1545 408 1607 At
423 1544 585 1609 exercitus
601 1545 730 1610 Afranii
745 1545 887 1610 omnium
901 1569 1010 1612 rerum
1024 1543 1215 1612 abundabat
1229 1563 1268 1606 co
1294 1561 1335 1602 ra.

241 1631 387 1698 Multum
403 1643 474 1695 erat
486 1631 684 1696 frumentum
696 1631 860 1718 provisum
871 1645 904 1698 et
917 1645 1107 1702 convectum
1119 1627 1277 1718 superiori
1304 1647 1341 1688 us

240 1716 458 1805 temporibus:
498 1717 639 1781 muitum
668 1742 708 1782 ex
738 1717 823 1783 omni
852 1717 1023 1786 Provincia
1047 1716 1339 1806 comportabatur:

241 1825 357 1894 magna
383 1805 477 1892 copia
506 1801 618 1891 pabuli
647 1803 854 1892 subpetebat.
910 1805 1038 1872 Harum
1063 1827 1172 1870 rerum
1197 1800 1341 1868 omnium

242 1891 419 1958 facultates
436 1889 502 1954 sine
522 1889 590 1955 ullo
614 1889 760 1980 periculo
786 1914 866 1993 pons
888 1891 1004 1960 llerdae
1024 1891 1193 1994 praebebat
1213 1902 1247 1954 et
1269 1886 1343 1952 loca

243 1989 332 2046 trans
347 1976 463 2044 flumen
479 1976 617 2064 integra,
633 2001 699 2065 quo
714 2002 842 2044 ommno
859 1979 967 2046 Caesar
981 1979 1070 2046 adire
1085 2001 1154 2046 non·
1162 1989 1304 2066 potarat.

238 2065 242 2069 ’
287 2064 341 2129 50.
367 2061 429 2128 Hae
444 2078 721 2152 permanserunta
747 2089 795 2132 uae
810 2065 877 2132 dics
888 2065 1080 2155 complures.
1127 2065 1274 2132 Conatus
1294 2073 1345 2126 est

245 2153 353 2218 Caesar
377 2147 508 2216 reficere
528 2164 661 2238 pontes:
688 2089 745 2218 sed
769 2153 1037 2241 necmagnitudo
1058 2151 1195 2220 fluminis
1253 2148 1345 2214 muit-

243 2237 347 2314 tebat,
363 2259 466 2322 neque
480 2234 522 2302 ad
536 2236 640 2325 ripam
649 2236 815 2338 disposita
834 2239 980 2326 cohortes
994 2175 1251 2312 adversarior&
1270 2259 1346 2334 per-

197 2394 199 2397 ,
242 2323 295 2390 fici
311 2322 540 2414 patiebantur:
565 2323 653 2411 quod
670 2323 732 2390 ilhs
750 2325 922 2417 prohibere
937 2340 1008 2394 erat
1026 2327 1134 2402 facile,
1153 2340 1224 2390 tum
1244 2323 1347 2412 ipsius

246 2409 385 2476 fluminis
399 2420 517 2474 natura
530 2421 630 2498 atque
651 2434 743 2498 aquae
757 2438 807 2480 ma
831 2413 990 2491 nitudiue‚
1014 2426 1084 2478 tum
1099 2410 1187 2500 quod
1208 2434 1248 2476 ex
1269 2410 1348 2476 totis

246 2495 327 2587 ripis
340 2497 373 2561 in
388 2518 487 2560 unum
503 2507 603 2583 atque
617 2511 790 2586 angustum
806 2438 912 2566 iocum
923 2501 990 2566 tela
1000 2500 1224 2589 jaciebantur;
1246 2510 1350 2584 atque

245 2594 315 2655 erat
329 2580 471 2659 difficile,
492 2584 603 2648 eodem
624 2597 767 2675 ternpore
785 2585 989 2676 ‘rapidissimo
1009 2587 1138 2654 flumine
1159 2609 1260 2676 opera
1274 2607 1348 2674 per-

246 2669 343 2736 ficere
356 2682 390 2735 et
405 2671 471 2737 tela
482 2671 596 2736 vitare.

289 2759 343 2823 51.
369 2758 554 2824 Nunciatur
569 2759 718 2838 Afranio,
738 2783 871 2850 magnos
894 2762 1078 2840 comitatus,
1098 2762 1155 2851 qui
1176 2761 1237 2828 iter
1250 2760 1350 2826 ha'be-

280 2935 389 2984 Menas
408 2938 546 2986 coecatus
591 2937 674 3002 Vulgo
697 2938 775 2988 bodie
826 2941 876 2990 hoc
892 2942 988 2992 *ababuc
1003 2944 1277 3007 emmeramensem
1287 2959 1352 2994 con-

253 3001 418 3051 emesam.
436 3003 474 3048 M.
509 3001 603 3050 v.lud.
824 3004 883 3054 ferri
901 3015 1010 3056 merctur
1024 3009 1100 3058 docta
1117 3008 1176 3056 diss.
1192 3009 1290 3058 (bireti
1308 3027 1352 3059 sur

285 3067 320 3114 Ιιι
328 3066 444 3122 atam,
454 3066 480 3113 in
492 3064 523 3114 iis
533 3065 607 3126 locis,
618 3065 665 3116 nbi
676 3068 776 3117 luerent
825 3085 858 3118 un
879 3079 1026 3121 monument
1046 3073 1168 3136 singulier
1188 3073 1232 3122 des
1253 3074 1352 3123 utricu-

252 3145 332 3194 nuper
346 3129 461 3188 biberas,
476 3141 501 3178 et
517 3131 542 3179 in
558 3147 623 3194 quos
638 3143 708 3182 erant
731 3149 777 3196 per
824 3135 899 3185 laires
909 3137 940 3185 de
950 3137 1093 3187 Carsiiion.
1104 3141 1128 3187 8.
1146 3139 1263 3202 Asigoon
1280 3143 1351 3188 1766.

251 3195 668 3258 hiemencompornunumsnu.
693 3197 776 3262 Vulgo
827 3202 938 3261 Exponit
947 3201 1351 3268 ibiviregregiusrnonumentum

142 3297 148 3306 .
252 3271 337 3310 conus
347 3261 562 3309 codds'sslrerbrs.
580 3263 616 3310 Μ.
641 3263 699 3312 Hoc
710 3265 777 3314 Sosi.
825 3282 855 3314 es
867 3281 925 3326 sere,
941 3267 1090 3317 Cabellione
1102 3271 1236 3328 detectum,
1252 3272 1351 3321 nummi

251 3335 383 3390 receperat
397 3341 430 3374 ex
442 3325 503 3375 Nic.
517 3325 665 3376 Hellebodii
676 3331 781 3404 conjcca
826 3331 916 3390 sonna,
931 3334 999 3396 quod
1015 3335 1094 3382 altera
1111 3343 1180 3398 pane
1198 3335 1262 3384 utris
1283 3334 1352 3386 sistit

250 3400 315 3449 tura,
332 3389 503 3454 probantibus
520 3391 638 3441 Manutio
656 3401 683 3441 et
701 3395 777 3442 Cssc-
826 3397 1005 3460 anaglyphum,
1033 3399 1098 3464 parti
1126 3399 1197 3450 alteri
1226 3399 1351 3464 insculpta

252 3455 338 3504 conio.
378 3457 427 3504 Sed
445 3455 510 3505 bene
528 3457 654 3506 sehabet
676 3460 778 3522 vulgata
827 3472 884 3510 sunt
906 3463 982 3510 verba
1009 3464 1153 3527 sequentia3
1187 3471 1353 3532 corruptam

253 3521 341 3571 lectio.
828 3529 1050 3578 vnnlmiurimrsm
1080 3531 1300 3580 cumdiscretam·
1328 3545 1353 3580 ι..

288 3587 427 3637 emissa.
441 3587 517 3650 Hisp.
544 3586 627 3650 Vulgo
637 3590 728 3637 milites
739 3591 779 3638 cs't.
828 3595 1123 3644 vsnmiussvccsssas.
1155 3593 1281 3660 Frequens
1292 3597 1353 3646 utri·

257 3652 334 3715 Hisp.
349 3651 441 3700 Scutati
452 3652 557 3701 fuerant.
571 3668 596 3699 v.
607 3667 632 3701 c.
645 3655 684 3702 39.
701 3654 740 3700 Ex
753 3653 779 3702 ir.
827 3656 980 3706 ostiariorum
998 3659 1026 3707 lit
1047 3659 1142 3708 mentio
1164 3659 1190 3708 in
1213 3661 1351 3726 lapidibus.

254 3716 273 3767 1.
291 3726 368 3780 petet,
383 3718 504 3780 quosdam
525 3725 551 3765 et
568 3725 671 3766 cetratos
694 3720 779 3767 luisse.
827 3721 902 3770 Coni.
920 3721 1017 3772 Gruter.
1035 3739 1060 3786 p.
1077 3727 1133 3772 413.
1151 3727 1208 3774 448.
1225 3729 1282 3775 547.
1299 3745 1351 3792 seq.

254 3781 309 3830 Nec
326 3795 393 3856 opus
407 3790 446 3830 est
463 3782 506 3830 bic
520 3784 643 3831 amariora
659 3782 718 3846 legi,
734 3797 779 3832 uec
831 3785 897 3834 Vide
909 3787 1053 3838 etCasaub.
1063 3790 1096 3838 ad
1107 3791 1175 3839 Suet.
1186 3789 1237 3840 l.c.

255 3861 315 3896 cuns
324 3845 414 3908 Lipsio
427 3847 500 3896 Anni.
511 3848 543 3895 sd
555 3846 613 3894 liiii.
625 3851 649 3905 tt,
664 3852 685 3895 l.
700 3848 779 3897 alium
865 3851 932 3901 Loca
946 3855 1055 3918 baleare,
1074 3855 1185 3906 nondum
1206 3857 1353 3908 vacueiscta

254 3913 403 3973 subpactum
413 3912 564 3974 subponere.
829 3915 1044 3979 pabulationibus.
1061 3919 1097 3968 M.

296 3975 402 4034 Utribus,
413 3976 507 4039 quibus
517 3974 665 4024 incubantes
675 3975 781 4026 liumina
864 3983 916 4030 Hae
922 3997 1001 4045 pm.
1034 3984 1086 4033 Alii
1099 3987 1152 4035 Eae.

257 4046 417 4088 snmnsoem.
449 4041 618 4089 Suetoniui.
633 4043 674 4088 st.
700 4045 781 4091 Dori·
864 4049 988 4096 Ftams'oss
1006 4058 1108 4100 amm.
1153 4051 1213 4100 Erat
1231 4053 1308 4114 enirn,
1327 4060 1353 4102 ut

256 4106 319 4157 stes.
338 4103 414 4156 cont.
423 4105 481 4157 Lis.
491 4109 533 4166 21,
543 4107 586 4155 2⁷.
605 4107 645 4156 M.
677 4109 718 4155 De
735 4121 781 4156 usu
830 4110 951 4174 sequitur,
962 4112 1158 4179 rapidissimum.
1174 4117 1215 4166 M.
