2909 4809
238 167 304 304 ἕω
581 229 645 301 os
667 223 818 302 nauto
842 223 997 302 crvm.
1084 275 1090 286 .

240 419 375 488 oensis
389 431 613 509 exspectatur:
636 421 761 488 nullum
774 443 814 488 ex
826 444 933 498 muro,
948 420 1105 487 nullnma
1119 417 1235 486 nostris
1257 419 1331 486 mit·

240 507 325 574 titur
351 506 472 583 telum;
495 520 595 591 utre
618 509 778 586 confecta,
804 531 912 574 ornnes
939 531 1057 582 curam¹
1071 519 1105 572 et
1129 506 1330 595 diligentiam

241 593 422 660 remittunt.
467 593 575 660 Caesar
601 596 687 661 enim
712 619 773 684 per
798 597 921 661 litteras
946 594 1111 662 Trebonio
1133 615 1331 682 magnopere

240 679 459 756 mandaverat,
473 703 512 746 ne
521 704 587 782 per
612 682 677 747 uim
701 681 861 772 oppidum
884 680 1061 770 expugnari
1081 693 1265 770 pateretur:
1289 703 1330 744 ne

240 766 371 854 gravius
390 781 532 868 permoti
555 768 672 834 milites
698 783 733 834 et
752 769 940 835 defectionis
963 768 1035 834 odio
1058 781 1091 833 et
1113 767 1329 834 contemtione

213 903 216 908 .
239 852 289 917 sui
308 866 342 918 et
365 852 490 920 diutino
511 854 622 921 labore
642 877 749 921 omnes
772 857 909 944 puberes
928 854 1162 921 interficerent:
1186 854 1273 939 quod
1294 874 1329 918 se

239 937 382 1006 facturos
396 940 619 1016 minabantur;
642 965 791 1030 aegreque
812 957 889 1008 tunc
901 954 975 1009 sunt
990 940 1118 1016 retenti,
1140 938 1218 1029 quin
1233 942 1329 1031 oppi-

238 1023 315 1091 dum
351 1025 456 1092 inrum
500 1040 586 1102 rent,
621 1029 830 1118 graviterque
865 1051 934 1094 eam
962 1050 1029 1093 rem
1058 1027 1220 1102 tulerunt,
1240 1025 1328 1115 quod

166 1200 170 1204 4
238 1113 363 1264 {gestisse
386 1051 672 1202 perir-ebenum,
688 1117 872 1202 quominus
890 1113 1010 1208 oppido
1026 1116 1222 1203 potirentur,
1239 1113 1328 1180 vide-

283 1210 349 1264 tur.

286 1285 335 1349 l-i.
360 1285 407 1350 At
417 1283 522 1352 hostes
535 1287 602 1354 sine
616 1286 680 1352 fide
695 1299 822 1380 tempus
832 1299 930 1375 atque
943 1287 1139 1353 occasionem
1154 1286 1278 1353 fraudis
1289 1309 1327 1355 ac

236 1368 306 1436 doli
319 1385 484 1462 quaerunt;
508 1373 750 1463 interjectisque
765 1374 889 1464 aliquot
903 1373 1026 1448 diebus,
1046 1375 1160 1445 nostris
1175 1375 1328 1463 languen-

237 1457 327 1522 tibus
338 1471 437 1546 atque
450 1459 556 1525 animo
570 1461 715 1537 remissis,
728 1460 847 1537 subito,
866 1459 1041 1537 meridiano
1054 1473 1213 1562 tempore,
1226 1483 1329 1548 quum

230 1542 319 1610 'alius
338 1543 538 1624 discessisset,
564 1546 646 1613 alius
671 1571 711 1612 ex
737 1547 861 1612 diutino
880 1546 991 1612 labore
1017 1547 1048 1612 in
1079 1549 1154 1636 ipen
1175 1547 1329 1636 operibus

156 1669 160 1677 =
236 1629 340 1718 quieti
367 1655 401 1698 se
427 1631 575 1709 dedisset,
602 1657 692 1699 arma
717 1657 794 1699 vero
819 1633 923 1700 omnia
950 1631 1092 1722 reposita
1114 1647 1330 1721 contectaque

235 1731 351 1795 essent,
379 1719 481 1808 portis
500 1743 534 1785 se
556 1720 640 1785 foras
659 1743 751 1787 erum
777 1733 847 1796 unt,
870 1720 1010 1786 secundo
1032 1743 1211 1808 magnoque
1231 1735 1328 1786 vento

236 1801 344 1892 ignem
359 1805 513 1896 operibus
526 1807 680 1873 inferunt.
764 1829 824 1873 unc
845 1807 890 1873 sic
912 1806 1039 1874 distulit
1051 1823 1176 1882 ventus,
1198 1809 1246 1874 uti
1262 1829 1328 1875 uno

133 1913 137 1926 ¹
235 1902 384 1980 tempore
408 1915 521 1980 agger,
542 1894 663 1996 plutei,
687 1895 826 1970 testudo,
851 1894 963 1976 turris,
984 1907 1143 1961 tormenta
1169 1894 1328 1960 flamniam

234 1981 441 2068 conciperent
453 1993 488 2043 ct
523 2005 589 2046 rsus
600 1979 667 2047 haec
680 1981 786 2046 omnia
799 1993 1082 2056 consumerentur,¹
1116 2003 1200 2057 uam,
1217 1997 1326 2069 quem·

235 2063 410 2132 admodum
425 2004 601 2142 accidisset,
615 2068 757 2134 animum
771 2068 898 2134 adverti
912 2079 1027 2156 possm.
1109 2067 1200 2144 ostri,
1212 2089 1326 2172 repen·

234 2150 304 2215 tina
315 2151 448 2217 fortuna
462 2155 614 2240 permoti,
628 2177 728 2230 arma,
744 2179 816 2242 quac
830 2167 975 2242 possunt,
1000 2151 1185 2243 adripiunt:
1209 2154 1264 2220 alir
1285 2181 1326 2224 er

175 2296 181 2307 ,
233 2237 347 2302 castris
368 2262 434 2303 sese
452 2237 604 2313 incitant;
635 2240 674 2305 fit
686 2241 718 2305 in
734 2241 831 2307 hostis
851 2241 995 2330 inpetus;
1017 2241 1071 2306 sed
1092 2264 1186 2308 muro
1200 2243 1326 2331 sagittis

231 2324 466 2412 tormentisque
481 2324 642 2428 fugientes
654 2327 801 2416 persequi
813 2327 1036 2416 prohibentur.
1059 2326 1111 2394 Illi
1124 2329 1184 2394 sub
1197 2351 1326 2396 murum

232 2431 267 2472 se
289 2409 451 2499 recipiunt
481 2411 589 2500 ibrque
615 2413 793 2480 musculum
817 2413 931 2478 turrim
957 2438 997 2480 ue
1025 2413 1197 2480 lateritiam
1222 2416 1326 2486 libere

232 2491 417 2562 incendunt.
456 2497 507 2563 lta
529 2499 705 2565 multorum
731 2501 885 2566 mensium
911 2437 1003 2566 lalsor
1025 2499 1162 2568 hostium
1177 2503 1324 2591 perfidia,

231 2585 268 2645 e't
293 2582 327 2648 vi
353 2597 418 2650 tem
476 2585 562 2662 tatis,
591 2599 713 2674 puncto
739 2600 802 2652 tem
849 2587 891 2653 ris
921 2587 1054 2653 interiit.
1100 2589 1325 2656 Tentaverunt

230 2663 293 2734 lroc
308 2667 392 2735 idem
446 2671 618 2741 assilienses
639 2687 768 2762 postero
811 2695 856 2740 re:
879 2675 1132 2740 eamdemnaoti
1153 2685 1322 2766 tempesta·

229 2765 310 2832 ἴσω,
336 2757 450 2844 majori
479 2782 553 2824 curn
581 2758 696 2825 fiducia
720 2761 763 2826 ad
791 2760 929 2828 alterum
957 2775 1080 2827 turrem
1106 2785 1323 2852 aggeremque

227 2843 401 2930 eruptione
415 2857 643 2933 pugnaverunt
663 2846 866 2934 multumque
885 2847 993 2936 ignem
1007 2847 1198 2915 intulerunt.
1244 2851 1322 2928 Sed,

230 2929 452 3017 utsuperioris
463 2932 617 3020 temporis
627 2935 864 2999 contentionem
875 2935 975 3000 nostri
988 2957 1112 3000 omnem
1126 2937 1324 3014 remiserant,

228 3011 289 3088 ita,
304 3015 443 3102 proximi
455 3015 518 3082 diei
530 3040 604 3082 sessu
616 3018 783 3096 admoniti,
794 3021 897 3086 omnia
905 3019 946 3085 ad
962 3018 1176 3088 defensionem
1188 3045 1323 3112 parave-

229 3111 316 3165 rant.
361 3098 488 3190 ltaque,
503 3103 612 3170 multis
624 3105 813 3186 interfectis,
840 3107 979 3196 reliquos
991 3107 1110 3176 infecta
1129 3131 1165 3176 re
1178 3109 1211 3177 in
1226 3111 1322 3204 oppi-

229 3183 310 3251 du'm
325 3210 360 3253 re
385 3187 527 3256 ulerunt.

263 3273 327 3374 tt.
350 3211 532 3343 'ltebonius
545 3301 595 3355 ea,
624 3303 696 3368 quae
712 3292 788 3347 sunt
801 3281 924 3359 amissa,
939 3281 1043 3347 multo
1065 3283 1186 3374 majore
1211 3283 1320 3352 studio

229 3358 370 3428 mrlstum
382 3361 605 3431 administrare
624 3380 659 3432 et
678 3367 809 3434 reficere
830 3367 982 3435 instituit.
1028 3369 1125 3447 Nam,
1141 3370 1197 3438 ubi
1213 3385 1321 3438 mutos

191 3495 195 3498 -
228 3467 303 3513 suos
316 3445 442 3516 labores
454 3463 489 3516 et
499 3450 675 3542 adparatus
688 3455 771 3522 male
782 3454 929 3546 cecidisse
942 3454 1107 3534 viderunt,
1120 3457 1320 3550 induciisque

263 3620 343 3672 Arm
361 3627 476 3675 mulceto.
492 3623 545 3674 vid.
566 3627 599 3674 ad
617 3625 647 3674 B.
670 3627 703 3677 G.
724 3631 750 3688 2,
833 3631 1017 3694 Murosups'tts's
1043 3633 1194 3695 rolss'lsentssr,
1210 3633 1319 3700 sagittis,

229 3685 271 3732 st.
290 3685 327 3733 Μ.
426 3693 429 3698 “
799 3695 1001 3744 emuromissis.
1019 3649 1056 3745 dd.

251 3747 296 3797 'ae
307 3751 380 3813 foros
396 3759 541 3820 erumpunt.
574 3753 617 3804 Sic
636 3765 663 3805 et
679 3755 749 3822 Virg.
823 3761 931 3823 ¹lllrsjors'.
948 3754 999 3809 Alii
1011 3765 1159 3828 nsajors'qne.

227 3811 259 3861 G.
278 3814 303 3872 ⁴,
320 3817 378 3864 888.
408 3815 448 3866 (Χ.
469 3826 496 3868 et
520 3817 620 3884 Berger.
643 3822 676 3870 de
696 3829 748 3870 nat.
833 3825 974 3888 Super-ioris
998 3831 1112 3891 temporis
1138 3833 1316 3882 wnlessts'ussesss

266 3877 312 3926 lcr.
331 3886 395 3928 orat.
412 3896 439 3946 p.
462 3887 519 3933 4⁰8.
534 3891 561 3932 et
573 3885 701 3936 Drakenb.
715 3889 749 3936 ad
797 3887 939 3952 (antiquam
958 3889 1147 3953 fortitudinem)
1167 3899 1316 3948 malcerent

258 3939 441 4003 {tentatas
797 3953 855 4016 (per
873 3954 972 4018 aliquot
992 3953 1066 4018 dies).
1097 3959 1136 4008 M.
1179 3960 1269 4012 Ciacc.
1289 3973 1316 4011 et

264 4007 400 4058 Tomenta
421 4011 561 4076 stanneam
586 4021 748 4081 temperent.
798 4015 915 4068 Davisius
933 4020 1036 4070 mallent
1056 4025 1181 4088 superiori
1198 4033 1317 4092 tempore.

227 4067 501 4143 Vuleomvsesesquoe.
533 4079 665 4132 Eddvet.
683 4085 749 4132 acei-
796 4097 932 4148 nonopus.
957 4084 999 4136 Sic
1016 4091 1093 4138 clo.
1112 4089 1316 4156 αάειιρενίοηηι

222 4143 319 4202 ΡΜ·
794 4163 868 4267 m
881 4149 971 4204 matta
984 4157 1117 4220 momen
1132 4161 1250 4223 team
1263 4161 1318 4227 ops·-
