<?xml version="1.0" encoding="UTF-8"?>
<!DOCTYPE html PUBLIC "-//W3C//DTD XHTML 1.0 Transitional//EN"
    "http://www.w3.org/TR/xhtml1/DTD/xhtml1-transitional.dtd">
<html xmlns="http://www.w3.org/1999/xhtml" xml:lang="en" lang="en">
 <head>
  <title>
</title>
<meta http-equiv="Content-Type" content="text/html;charset=utf-8" />
  <meta name='ocr-system' content='tesseract 3.04.00' />
  <meta name='ocr-capabilities' content='ocr_page ocr_carea ocr_par ocr_line ocrx_word'/>
</head>
<body>
  <div class='ocr_page' id='page_1' title='image "./cjuliicaesarisc00obergoog/cjuliicaesarisc00obergoog_0131.png"; bbox 0 0 2909 4809; ppageno 0'>
   <div class='ocr_carea' id='block_1_1' title="bbox 348 191 1276 361">
    <p class='ocr_par' dir='ltr' id='par_1_1' title="bbox 348 191 1276 361">
     <span class='ocr_line' id='line_1_1' title="bbox 348 191 1276 361; baseline 0.006 -36"><span class='ocrx_word' id='word_1_1' title='bbox 348 353 352 361; x_wconf 16' lang='lat'>⁵</span> <span class='ocrx_word' id='word_1_2' title='bbox 417 203 591 325; x_wconf 75' lang='lat' dir='ltr'><strong>metr.</strong></span> <span class='ocrx_word' id='word_1_3' title='bbox 636 253 905 325; x_wconf 48' lang='lat' dir='ltr'><strong>creasse.</strong></span> <span class='ocrx_word' id='word_1_4' title='bbox 1031 304 1037 316; x_wconf 76' lang='lat'><strong>,</strong></span> <span class='ocrx_word' id='word_1_5' title='bbox 1167 191 1276 355; x_wconf 70' lang='lat' dir='ltr'><strong>ss</strong></span> 
     </span>
    </p>
   </div>
   <div class='ocr_carea' id='block_1_2' title="bbox 83 440 1325 3313">
    <p class='ocr_par' dir='ltr' id='par_1_2' title="bbox 106 430 1312 1058">
     <span class='ocr_line' id='line_1_2' title="bbox 106 440 1216 547; baseline 0.002 -34"><span class='ocrx_word' id='word_1_6' title='bbox 106 455 230 521; x_wconf 65' lang='lat' dir='ltr'><strong>uomet,</strong></span> <span class='ocrx_word' id='word_1_7' title='bbox 244 456 279 511; x_wconf 89' lang='lat' dir='ltr'><strong>et</strong></span> <span class='ocrx_word' id='word_1_8' title='bbox 290 464 363 547; x_wconf 87' lang='lat' dir='ltr'><strong>quse</strong></span> <span class='ocrx_word' id='word_1_9' title='bbox 373 440 443 511; x_wconf 89' lang='lat' dir='ltr'><strong>lieri</strong></span> <span class='ocrx_word' id='word_1_10' title='bbox 454 444 565 524; x_wconf 81' lang='lat' dir='ltr'><strong>vellet,</strong></span> <span class='ocrx_word' id='word_1_11' title='bbox 577 444 717 514; x_wconf 74' lang='lat' dir='ltr'><strong>ostendit</strong></span> <span class='ocrx_word' id='word_1_12' title='bbox 728 446 930 534; x_wconf 80' lang='lat' dir='ltr'><strong>monuitque,</strong></span> <span class='ocrx_word' id='word_1_13' title='bbox 943 446 997 531; x_wconf 89' lang='lat' dir='ltr'><strong>(ut</strong></span> <span class='ocrx_word' id='word_1_14' title='bbox 1007 446 1055 513; x_wconf 89' lang='lat' dir='ltr'><strong>rei</strong></span> <span class='ocrx_word' id='word_1_15' title='bbox 1066 446 1216 515; x_wconf 85' lang='lat' dir='ltr'><strong>militaris</strong></span> 
     </span>
     <span class='ocr_line' id='line_1_3' title="bbox 107 534 1216 621; baseline 0.001 -20"><span class='ocrx_word' id='word_1_16' title='bbox 107 534 209 609; x_wconf 85' lang='lat' dir='ltr'><strong>ratio,</strong></span> <span class='ocrx_word' id='word_1_17' title='bbox 232 554 368 597; x_wconf 77' lang='lat' dir='ltr'><strong>mnme</strong></span> <span class='ocrx_word' id='word_1_18' title='bbox 384 544 423 597; x_wconf 89' lang='lat' dir='ltr'><strong>ut</strong></span> <span class='ocrx_word' id='word_1_19' title='bbox 436 536 617 603; x_wconf 77' lang='lat' dir='ltr'><strong>maritumae</strong></span> <span class='ocrx_word' id='word_1_20' title='bbox 630 556 681 599; x_wconf 88' lang='lat' dir='ltr'><strong>res</strong></span> <span class='ocrx_word' id='word_1_21' title='bbox 695 534 910 621; x_wconf 67' lang='lat' dir='ltr'>postularent,</span> <span class='ocrx_word' id='word_1_22' title='bbox 932 548 973 599; x_wconf 90' lang='lat' dir='ltr'><strong>ut</strong></span> <span class='ocrx_word' id='word_1_23' title='bbox 990 558 1064 621; x_wconf 83' lang='lat' dir='ltr'><strong>quse</strong></span> <span class='ocrx_word' id='word_1_24' title='bbox 1070 535 1216 602; x_wconf 81' lang='lat' dir='ltr'><strong>celerem</strong></span> 
     </span>
     <span class='ocr_line' id='line_1_4' title="bbox 107 618 1226 711; baseline 0.001 -24"><span class='ocrx_word' id='word_1_25' title='bbox 107 628 211 711; x_wconf 83' lang='lat' dir='ltr'><strong>atque</strong></span> <span class='ocrx_word' id='word_1_26' title='bbox 236 618 417 685; x_wconf 72' lang='lat' dir='ltr'><strong>instabilem</strong></span> <span class='ocrx_word' id='word_1_27' title='bbox 435 631 560 687; x_wconf 90' lang='lat' dir='ltr'><strong>motum</strong></span> <span class='ocrx_word' id='word_1_28' title='bbox 584 619 765 707; x_wconf 87' lang='lat' dir='ltr'><strong>haberent),</strong></span> <span class='ocrx_word' id='word_1_29' title='bbox 789 621 832 687; x_wconf 79' lang='lat' dir='ltr'><strong>ad</strong></span> <span class='ocrx_word' id='word_1_30' title='bbox 846 634 964 686; x_wconf 89' lang='lat' dir='ltr'><strong>nutam</strong></span> <span class='ocrx_word' id='word_1_31' title='bbox 983 622 1073 687; x_wconf 88' lang='lat' dir='ltr'><strong>etad</strong></span> <span class='ocrx_word' id='word_1_32' title='bbox 1087 636 1226 711; x_wconf 73' lang='lat' dir='ltr'><strong>tempus</strong></span> 
     </span>
     <span class='ocr_line' id='line_1_5' title="bbox 108 704 1215 775; baseline 0 0"><span class='ocrx_word' id='word_1_33' title='bbox 108 731 220 775; x_wconf 88' lang='lat' dir='ltr'><strong>omnes</strong></span> <span class='ocrx_word' id='word_1_34' title='bbox 234 730 286 773; x_wconf 89' lang='lat' dir='ltr'><strong>res</strong></span> <span class='ocrx_word' id='word_1_35' title='bbox 299 706 343 771; x_wconf 91' lang='lat' dir='ltr'><strong>ab</strong></span> <span class='ocrx_word' id='word_1_36' title='bbox 356 706 394 771; x_wconf 90' lang='lat' dir='ltr'><strong>iis</strong></span> <span class='ocrx_word' id='word_1_37' title='bbox 408 704 718 773; x_wconf 73' lang='lat' dir='ltr'><strong>administrarentur.</strong></span> <span class='ocrx_word' id='word_1_38' title='bbox 767 706 829 773; x_wconf 88' lang='lat' dir='ltr'><strong>His</strong></span> <span class='ocrx_word' id='word_1_39' title='bbox 841 707 975 773; x_wconf 75' lang='lat' dir='ltr'><strong>dinumis</strong></span> <span class='ocrx_word' id='word_1_40' title='bbox 986 720 1021 773; x_wconf 89' lang='lat' dir='ltr'><strong>et</strong></span> <span class='ocrx_word' id='word_1_41' title='bbox 1032 721 1169 775; x_wconf 83' lang='lat' dir='ltr'><strong>ventum-</strong></span> <span class='ocrx_word' id='word_1_42' title='bbox 1180 724 1215 775; x_wconf 90' lang='lat' dir='ltr'><strong>et</strong></span> 
     </span>
     <span class='ocr_line' id='line_1_6' title="bbox 107 794 1265 882; baseline 0.001 -21"><span class='ocrx_word' id='word_1_43' title='bbox 107 807 225 861; x_wconf 83' lang='lat' dir='ltr'><strong>sestam</strong></span> <span class='ocrx_word' id='word_1_44' title='bbox 247 816 313 859; x_wconf 92' lang='lat' dir='ltr'><strong>uno</strong></span> <span class='ocrx_word' id='word_1_45' title='bbox 327 804 475 882; x_wconf 87' lang='lat' dir='ltr'><strong>tempore</strong></span> <span class='ocrx_word' id='word_1_46' title='bbox 488 805 601 861; x_wconf 87' lang='lat' dir='ltr'><strong>nactus</strong></span> <span class='ocrx_word' id='word_1_47' title='bbox 614 794 800 869; x_wconf 89' lang='lat' dir='ltr'><strong>secundum,</strong></span> <span class='ocrx_word' id='word_1_48' title='bbox 823 794 900 861; x_wconf 87' lang='lat' dir='ltr'><strong>dato</strong></span> <span class='ocrx_word' id='word_1_49' title='bbox 922 795 1015 882; x_wconf 79' lang='lat' dir='ltr'><strong>&#39;signo</strong></span> <span class='ocrx_word' id='word_1_50' title='bbox 1032 806 1067 861; x_wconf 86' lang='lat' dir='ltr'><strong>et</strong></span> <span class='ocrx_word' id='word_1_51' title='bbox 1079 796 1216 862; x_wconf 86' lang='lat' dir='ltr'><strong>sublatis</strong></span> <span class='ocrx_word' id='word_1_52' title='bbox 1260 835 1265 848; x_wconf 57' lang='grc' dir='ltr'>ι</span> 
     </span>
     <span class='ocr_line' id='line_1_7' title="bbox 108 878 1247 971; baseline 0.001 -24"><span class='ocrx_word' id='word_1_53' title='bbox 108 880 250 957; x_wconf 83' lang='lat' dir='ltr'><strong>ancoris,</strong></span> <span class='ocrx_word' id='word_1_54' title='bbox 273 878 401 947; x_wconf 77' lang='lat' dir='ltr'><strong>circiter</strong></span> <span class='ocrx_word' id='word_1_55' title='bbox 426 880 513 947; x_wconf 86' lang='lat' dir='ltr'><strong>milia</strong></span> <span class='ocrx_word' id='word_1_56' title='bbox 535 904 687 970; x_wconf 90' lang='lat' dir='ltr'><strong>passuum</strong></span> <span class='ocrx_word' id='word_1_57' title='bbox 710 879 777 945; x_wconf 91' lang='lat' dir='ltr'><strong>VII</strong></span> <span class='ocrx_word' id='word_1_58' title='bbox 798 882 841 948; x_wconf 87' lang='lat' dir='ltr'><strong>ab</strong></span> <span class='ocrx_word' id='word_1_59' title='bbox 862 905 902 947; x_wconf 93' lang='lat' dir='ltr'><strong>eo</strong></span> <span class='ocrx_word' id='word_1_60' title='bbox 921 882 992 948; x_wconf 92' lang='lat' dir='ltr'><strong>loco</strong></span> <span class='ocrx_word' id='word_1_61' title='bbox 1012 899 1247 971; x_wconf 41' lang='lat' dir='ltr'><strong>progressum</strong></span> 
     </span>
     <span class='ocr_line' id='line_1_8' title="bbox 108 966 1312 1058; baseline -0.001 -24"><span class='ocrx_word' id='word_1_62' title='bbox 108 980 226 1058; x_wconf 86' lang='lat' dir='ltr'><strong>aperto</strong></span> <span class='ocrx_word' id='word_1_63' title='bbox 240 991 278 1033; x_wconf 89' lang='lat' dir='ltr'><strong>ac</strong></span> <span class='ocrx_word' id='word_1_64' title='bbox 318 966 391 1033; x_wconf 88' lang='lat' dir='ltr'><strong>lano</strong></span> <span class='ocrx_word' id='word_1_65' title='bbox 407 967 504 1044; x_wconf 90' lang='lat' dir='ltr'><strong>litore</strong></span> <span class='ocrx_word' id='word_1_66' title='bbox 518 990 614 1034; x_wconf 86' lang='lat' dir='ltr'><strong>naves</strong></span> <span class='ocrx_word' id='word_1_67' title='bbox 627 968 808 1035; x_wconf 89' lang='lat' dir='ltr'><strong>constitnit.</strong></span> <span class='ocrx_word' id='word_1_68' title='bbox 831 1006 836 1014; x_wconf 80' lang='lat'><strong>,</strong></span> <span class='ocrx_word' id='word_1_69' title='bbox 1095 1028 1099 1033; x_wconf 86' lang='grc'><em>,</em></span> <span class='ocrx_word' id='word_1_70' title='bbox 1126 1019 1133 1031; x_wconf 89' lang='grc'><strong>.</strong></span> <span class='ocrx_word' id='word_1_71' title='bbox 1174 1020 1179 1034; x_wconf 92' lang='grc'><strong>.</strong></span> <span class='ocrx_word' id='word_1_72' title='bbox 1308 1044 1312 1052; x_wconf 45' lang='grc'><em>,</em></span> 
     </span>
    </p>

    <p class='ocr_par' dir='ltr' id='par_1_3' title="bbox 105 1053 1325 2258">
     <span class='ocr_line' id='line_1_9' title="bbox 154 1053 1218 1144; baseline 0.002 -24"><span class='ocrx_word' id='word_1_73' title='bbox 154 1054 210 1120; x_wconf 81' lang='grc'><strong>24.</strong></span> <span class='ocrx_word' id='word_1_74' title='bbox 235 1056 283 1120; x_wconf 80' lang='lat' dir='ltr'><strong>At</strong></span> <span class='ocrx_word' id='word_1_75' title='bbox 347 1054 447 1131; x_wconf 90' lang='lat' dir='ltr'><strong>rbari,</strong></span> <span class='ocrx_word' id='word_1_76' title='bbox 474 1054 606 1120; x_wconf 91' lang='lat' dir='ltr'><strong>consilio</strong></span> <span class='ocrx_word' id='word_1_77' title='bbox 635 1054 855 1133; x_wconf 86' lang='lat' dir='ltr'><strong>Romanorum</strong></span> <span class='ocrx_word' id='word_1_78' title='bbox 882 1054 1027 1144; x_wconf 79' lang='lat' dir='ltr'><strong>cognito,</strong></span> <span class='ocrx_word' id='word_1_79' title='bbox 1055 1053 1218 1144; x_wconf 76' lang='lat' dir='ltr'><strong>praemisso</strong></span> 
     </span>
     <span class='ocr_line' id='line_1_10' title="bbox 111 1140 1223 1243; baseline -0.002 -36"><span class='ocrx_word' id='word_1_80' title='bbox 111 1142 262 1229; x_wconf 83' lang='lat' dir='ltr'><strong>equitatu</strong></span> <span class='ocrx_word' id='word_1_81' title='bbox 285 1153 320 1206; x_wconf 90' lang='lat' dir='ltr'><strong>et</strong></span> <span class='ocrx_word' id='word_1_82' title='bbox 343 1140 517 1218; x_wconf 80' lang='lat' dir='ltr'><strong>essedariis,</strong></span> <span class='ocrx_word' id='word_1_83' title='bbox 541 1166 608 1229; x_wconf 91' lang='lat' dir='ltr'><strong>quo</strong></span> <span class='ocrx_word' id='word_1_84' title='bbox 631 1142 825 1243; x_wconf 86' lang='lat' dir='ltr'><strong>plerumque</strong></span> <span class='ocrx_word' id='word_1_85' title='bbox 839 1165 957 1231; x_wconf 81' lang='lat' dir='ltr'><strong>genere</strong></span> <span class='ocrx_word' id='word_1_86' title='bbox 977 1142 1011 1206; x_wconf 91' lang='lat' dir='ltr'><strong>in</strong></span> <span class='ocrx_word' id='word_1_87' title='bbox 1050 1141 1149 1208; x_wconf 86' lang='lat' dir='ltr'><strong>meliis</strong></span> <span class='ocrx_word' id='word_1_88' title='bbox 1163 1144 1223 1208; x_wconf 88' lang='lat' dir='ltr'><strong>nti:</strong></span> 
     </span>
     <span class='ocr_line' id='line_1_11' title="bbox 110 1166 1224 1318; baseline -0.002 -21"><span class='ocrx_word' id='word_1_89' title='bbox 110 1239 322 1305; x_wconf 88' lang='lat' dir='ltr'><strong>consuerunt,</strong></span> <span class='ocrx_word' id='word_1_90' title='bbox 344 1228 477 1316; x_wconf 90' lang='lat' dir='ltr'><strong>reliquis</strong></span> <span class='ocrx_word' id='word_1_91' title='bbox 497 1229 598 1318; x_wconf 87' lang='lat' dir='ltr'><strong>copiis</strong></span> <span class='ocrx_word' id='word_1_92' title='bbox 617 1229 792 1305; x_wconf 76' lang='lat' dir='ltr'><strong>subsecuti,</strong></span> <span class='ocrx_word' id='word_1_93' title='bbox 814 1241 941 1295; x_wconf 89' lang='lat' dir='ltr'><strong>nostros</strong></span> <span class='ocrx_word' id='word_1_94' title='bbox 955 1166 1092 1295; x_wconf 78' lang='lat' dir='ltr'><strong>mribus</strong></span> <span class='ocrx_word' id='word_1_95' title='bbox 1105 1228 1224 1317; x_wconf 76' lang='lat' dir='ltr'><strong>egredi</strong></span> 
     </span>
     <span class='ocr_line' id='line_1_12' title="bbox 113 1314 1217 1405; baseline 0.001 -23"><span class='ocrx_word' id='word_1_96' title='bbox 113 1314 341 1405; x_wconf 78' lang='lat' dir='ltr'><strong>prohibebant.</strong></span> <span class='ocrx_word' id='word_1_97' title='bbox 385 1314 469 1381; x_wconf 84' lang='lat' dir='ltr'><strong>Erat</strong></span> <span class='ocrx_word' id='word_1_98' title='bbox 490 1316 535 1381; x_wconf 93' lang='lat' dir='ltr'><strong>ob</strong></span> <span class='ocrx_word' id='word_1_99' title='bbox 556 1315 613 1381; x_wconf 85' lang='lat' dir='ltr'><strong>has</strong></span> <span class='ocrx_word' id='word_1_100' title='bbox 631 1338 756 1381; x_wconf 70' lang='lat' dir='ltr'><strong>caumas</strong></span> <span class='ocrx_word' id='word_1_101' title='bbox 775 1339 900 1381; x_wconf 89' lang='lat' dir='ltr'><strong>summa</strong></span> <span class='ocrx_word' id='word_1_102' title='bbox 919 1316 1104 1392; x_wconf 86' lang='lat' dir='ltr'><strong>difficultas,</strong></span> <span class='ocrx_word' id='word_1_103' title='bbox 1127 1316 1217 1403; x_wconf 90' lang='lat' dir='ltr'><strong>qnod</strong></span> 
     </span>
     <span class='ocr_line' id='line_1_13' title="bbox 112 1401 1217 1503; baseline 0 -34"><span class='ocrx_word' id='word_1_104' title='bbox 112 1425 210 1469; x_wconf 79' lang='lat' dir='ltr'><strong>naves</strong></span> <span class='ocrx_word' id='word_1_105' title='bbox 224 1414 362 1503; x_wconf 89' lang='lat' dir='ltr'><strong>propter</strong></span> <span class='ocrx_word' id='word_1_106' title='bbox 375 1401 640 1491; x_wconf 79' lang='lat' dir='ltr'><strong>magnitudinem,</strong></span> <span class='ocrx_word' id='word_1_107' title='bbox 656 1402 714 1467; x_wconf 90' lang='lat' dir='ltr'><strong>nisi</strong></span> <span class='ocrx_word' id='word_1_108' title='bbox 730 1402 764 1468; x_wconf 93' lang='lat' dir='ltr'><strong>in</strong></span> <span class='ocrx_word' id='word_1_109' title='bbox 777 1402 857 1478; x_wconf 90' lang='lat' dir='ltr'><strong>alto,</strong></span> <span class='ocrx_word' id='word_1_110' title='bbox 878 1402 1032 1470; x_wconf 84' lang='lat' dir='ltr'><strong>constitui</strong></span> <span class='ocrx_word' id='word_1_111' title='bbox 1045 1425 1109 1470; x_wconf 92' lang='lat' dir='ltr'><strong>non</strong></span> <span class='ocrx_word' id='word_1_112' title='bbox 1124 1416 1217 1491; x_wconf 86' lang='lat' dir='ltr'><strong>pote·</strong></span> 
     </span>
     <span class='ocr_line' id='line_1_14' title="bbox 113 1488 1224 1577; baseline -0.002 -22"><span class='ocrx_word' id='word_1_113' title='bbox 113 1501 205 1563; x_wconf 87' lang='lat' dir='ltr'><strong>rant;</strong></span> <span class='ocrx_word' id='word_1_114' title='bbox 226 1489 384 1555; x_wconf 76' lang='lat' dir='ltr'><strong>militibus</strong></span> <span class='ocrx_word' id='word_1_115' title='bbox 398 1500 508 1553; x_wconf 88' lang='lat' dir='ltr'><strong>autem</strong></span> <span class='ocrx_word' id='word_1_116' title='bbox 522 1488 641 1577; x_wconf 86' lang='lat' dir='ltr'><strong>ignotis</strong></span> <span class='ocrx_word' id='word_1_117' title='bbox 654 1488 744 1564; x_wconf 88' lang='lat' dir='ltr'><strong>locis,</strong></span> <span class='ocrx_word' id='word_1_118' title='bbox 759 1488 910 1576; x_wconf 84' lang='lat' dir='ltr'><strong>inpeditis</strong></span> <span class='ocrx_word' id='word_1_119' title='bbox 924 1489 1083 1565; x_wconf 88' lang='lat' dir='ltr'><strong>manibus,</strong></span> <span class='ocrx_word' id='word_1_120' title='bbox 1097 1513 1151 1555; x_wconf 87' lang='lat' dir='ltr'><strong>ma</strong></span> <span class='ocrx_word' id='word_1_121' title='bbox 1174 1512 1224 1556; x_wconf 88' lang='lat' dir='ltr'><strong>no:</strong></span> 
     </span>
     <span class='ocr_line' id='line_1_15' title="bbox 111 1514 1217 1677; baseline 0 -35"><span class='ocrx_word' id='word_1_122' title='bbox 111 1589 147 1643; x_wconf 89' lang='lat' dir='ltr'><strong>et</strong></span> <span class='ocrx_word' id='word_1_123' title='bbox 161 1576 255 1665; x_wconf 79' lang='lat' dir='ltr'><strong>gravi</strong></span> <span class='ocrx_word' id='word_1_124' title='bbox 277 1598 440 1641; x_wconf 88' lang='lat' dir='ltr'><strong>armorum</strong></span> <span class='ocrx_word' id='word_1_125' title='bbox 461 1597 559 1641; x_wconf 87' lang='lat' dir='ltr'><strong>onere</strong></span> <span class='ocrx_word' id='word_1_126' title='bbox 577 1576 752 1677; x_wconf 78' lang='lat' dir='ltr'><strong>oppressis,</strong></span> <span class='ocrx_word' id='word_1_127' title='bbox 770 1575 867 1641; x_wconf 92' lang='lat' dir='ltr'><strong>simul</strong></span> <span class='ocrx_word' id='word_1_128' title='bbox 880 1588 915 1639; x_wconf 93' lang='lat' dir='ltr'><strong>et</strong></span> <span class='ocrx_word' id='word_1_129' title='bbox 928 1576 971 1641; x_wconf 95' lang='lat' dir='ltr'><strong>de</strong></span> <span class='ocrx_word' id='word_1_130' title='bbox 985 1575 1122 1646; x_wconf 84' lang='lat' dir='ltr'><strong>navibus</strong></span> <span class='ocrx_word' id='word_1_131' title='bbox 1136 1514 1217 1643; x_wconf 57' lang='lat' dir='ltr'><strong>‹fesi-</strong></span> 
     </span>
     <span class='ocr_line' id='line_1_16' title="bbox 113 1660 1217 1751; baseline -0.002 -22"><span class='ocrx_word' id='word_1_132' title='bbox 113 1664 303 1729; x_wconf 86' lang='lat' dir='ltr'><strong>liendnm·et</strong></span> <span class='ocrx_word' id='word_1_133' title='bbox 313 1662 347 1726; x_wconf 92' lang='lat' dir='ltr'><strong>in</strong></span> <span class='ocrx_word' id='word_1_134' title='bbox 358 1660 510 1727; x_wconf 88' lang='lat' dir='ltr'><strong>fluctibus</strong></span> <span class='ocrx_word' id='word_1_135' title='bbox 520 1660 756 1729; x_wconf 78' lang='lat' dir='ltr'><strong>consistendum</strong></span> <span class='ocrx_word' id='word_1_136' title='bbox 768 1674 803 1727; x_wconf 92' lang='lat' dir='ltr'><strong>et</strong></span> <span class='ocrx_word' id='word_1_137' title='bbox 816 1685 890 1727; x_wconf 90' lang='lat' dir='ltr'><strong>cum</strong></span> <span class='ocrx_word' id='word_1_138' title='bbox 898 1660 1043 1729; x_wconf 87' lang='lat' dir='ltr'><strong>hostibus</strong></span> <span class='ocrx_word' id='word_1_139' title='bbox 1050 1675 1121 1727; x_wconf 89' lang='lat' dir='ltr'><strong>erat</strong></span> <span class='ocrx_word' id='word_1_140' title='bbox 1133 1686 1217 1751; x_wconf 77' lang='lat' dir='ltr'><strong>pug-</strong></span> 
     </span>
     <span class='ocr_line' id='line_1_17' title="bbox 105 1747 1218 1849; baseline 0.001 -34"><span class='ocrx_word' id='word_1_141' title='bbox 105 1750 269 1815; x_wconf 88' lang='lat' dir='ltr'><strong>nandum:</strong></span> <span class='ocrx_word' id='word_1_142' title='bbox 293 1772 394 1835; x_wconf 91' lang='lat' dir='ltr'><strong>quum</strong></span> <span class='ocrx_word' id='word_1_143' title='bbox 403 1748 452 1815; x_wconf 92' lang='lat' dir='ltr'><strong>illi</strong></span> <span class='ocrx_word' id='word_1_144' title='bbox 461 1759 520 1813; x_wconf 91' lang='lat' dir='ltr'><strong>aut</strong></span> <span class='ocrx_word' id='word_1_145' title='bbox 532 1772 573 1815; x_wconf 82' lang='lat' dir='ltr'><strong>ex</strong></span> <span class='ocrx_word' id='word_1_146' title='bbox 586 1748 690 1824; x_wconf 88' lang='lat' dir='ltr'><strong>arido,</strong></span> <span class='ocrx_word' id='word_1_147' title='bbox 702 1747 953 1849; x_wconf 87' lang='lat' dir='ltr'><strong>autpanllulum</strong></span> <span class='ocrx_word' id='word_1_148' title='bbox 964 1747 997 1814; x_wconf 94' lang='lat' dir='ltr'><strong>in</strong></span> <span class='ocrx_word' id='word_1_149' title='bbox 1051 1771 1125 1813; x_wconf 89' lang='lat' dir='ltr'><strong>uam</strong></span> <span class='ocrx_word' id='word_1_150' title='bbox 1141 1773 1218 1838; x_wconf 89' lang='lat' dir='ltr'><strong>pro·</strong></span> 
     </span>
     <span class='ocr_line' id='line_1_18' title="bbox 113 1833 1220 1925; baseline 0.001 -23"><span class='ocrx_word' id='word_1_151' title='bbox 113 1837 226 1925; x_wconf 60' lang='lat' dir='ltr'><strong>grui,</strong></span> <span class='ocrx_word' id='word_1_152' title='bbox 234 1836 380 1902; x_wconf 88' lang='lat' dir='ltr'><strong>omnibus</strong></span> <span class='ocrx_word' id='word_1_153' title='bbox 388 1834 540 1901; x_wconf 91' lang='lat' dir='ltr'><strong>membris</strong></span> <span class='ocrx_word' id='word_1_154' title='bbox 554 1834 885 1923; x_wconf 81' lang='lat' dir='ltr'><strong>expediti,not1ssimis</strong></span> <span class='ocrx_word' id='word_1_155' title='bbox 897 1833 974 1900; x_wconf 89' lang='lat' dir='ltr'><strong>locis</strong></span> <span class='ocrx_word' id='word_1_156' title='bbox 985 1857 1028 1899; x_wconf 89' lang='lat' dir='ltr'><strong>an</strong></span> <span class='ocrx_word' id='word_1_157' title='bbox 1087 1846 1137 1899; x_wconf 90' lang='lat' dir='ltr'><strong>ter</strong></span> <span class='ocrx_word' id='word_1_158' title='bbox 1152 1836 1220 1903; x_wconf 82' lang='lat' dir='ltr'><strong>tela</strong></span> 
     </span>
     <span class='ocr_line' id='line_1_19' title="bbox 113 1920 1222 2012; baseline -0.001 -21"><span class='ocrx_word' id='word_1_159' title='bbox 113 1924 310 2012; x_wconf 87' lang='lat' dir='ltr'><strong>conjicerent</strong></span> <span class='ocrx_word' id='word_1_160' title='bbox 334 1933 368 1987; x_wconf 90' lang='lat' dir='ltr'><strong>et</strong></span> <span class='ocrx_word' id='word_1_161' title='bbox 392 1945 493 2009; x_wconf 90' lang='lat' dir='ltr'><strong>equos</strong></span> <span class='ocrx_word' id='word_1_162' title='bbox 520 1922 711 1987; x_wconf 85' lang='lat' dir='ltr'><strong>insuefactos</strong></span> <span class='ocrx_word' id='word_1_163' title='bbox 740 1920 921 1987; x_wconf 78' lang='lat' dir='ltr'><strong>incitarent.</strong></span> <span class='ocrx_word' id='word_1_164' title='bbox 968 1921 1094 1997; x_wconf 85' lang='lat' dir='ltr'><strong>Quibus</strong></span> <span class='ocrx_word' id='word_1_165' title='bbox 1122 1924 1222 1991; x_wconf 87' lang='lat' dir='ltr'><strong>rebus</strong></span> 
     </span>
     <span class='ocr_line' id='line_1_20' title="bbox 114 2007 1325 2108; baseline -0.001 -33"><span class='ocrx_word' id='word_1_166' title='bbox 114 2012 214 2077; x_wconf 89' lang='lat' dir='ltr'><strong>nostri</strong></span> <span class='ocrx_word' id='word_1_167' title='bbox 276 2008 412 2085; x_wconf 91' lang='lat' dir='ltr'><strong>rterriti,</strong></span> <span class='ocrx_word' id='word_1_168' title='bbox 426 2021 526 2097; x_wconf 89' lang='lat' dir='ltr'><strong>atque</strong></span> <span class='ocrx_word' id='word_1_169' title='bbox 540 2007 634 2099; x_wconf 88' lang='lat' dir='ltr'><strong>hujus</strong></span> <span class='ocrx_word' id='word_1_170' title='bbox 647 2009 777 2074; x_wconf 91' lang='lat' dir='ltr'><strong>omnino</strong></span> <span class='ocrx_word' id='word_1_171' title='bbox 797 2008 922 2097; x_wconf 83' lang='lat' dir='ltr'><strong>generis</strong></span> <span class='ocrx_word' id='word_1_172' title='bbox 942 2030 1061 2108; x_wconf 76' lang='lat' dir='ltr'><strong>pugnas</strong></span> <span class='ocrx_word' id='word_1_173' title='bbox 1072 2007 1219 2096; x_wconf 89' lang='lat' dir='ltr'><strong>inperiti,</strong></span> <span class='ocrx_word' id='word_1_174' title='bbox 1255 2089 1257 2092; x_wconf 13' lang='grc' dir='ltr'><strong><em>ι</em></strong></span> <span class='ocrx_word' id='word_1_175' title='bbox 1321 2018 1325 2027; x_wconf 91' lang='grc'><strong>“</strong></span> 
     </span>
     <span class='ocr_line' id='line_1_21' title="bbox 114 2032 1221 2185; baseline -0.001 -21"><span class='ocrx_word' id='word_1_176' title='bbox 114 2120 177 2165; x_wconf 85' lang='grc' dir='ltr'>ιιοιι</span> <span class='ocrx_word' id='word_1_177' title='bbox 190 2032 302 2163; x_wconf 64' lang='lat' dir='ltr'><strong>mddm</strong></span> <span class='ocrx_word' id='word_1_178' title='bbox 314 2095 480 2163; x_wconf 79' lang='lat' dir='ltr'><strong>alacritate</strong></span> <span class='ocrx_word' id='word_1_179' title='bbox 496 2120 534 2161; x_wconf 90' lang='lat' dir='ltr'><strong>ac</strong></span> <span class='ocrx_word' id='word_1_180' title='bbox 547 2094 665 2171; x_wconf 90' lang='lat' dir='ltr'><strong>studio,</strong></span> <span class='ocrx_word' id='word_1_181' title='bbox 687 2118 754 2183; x_wconf 92' lang='lat' dir='ltr'><strong>quo</strong></span> <span class='ocrx_word' id='word_1_182' title='bbox 768 2094 801 2162; x_wconf 94' lang='lat' dir='ltr'><strong>in</strong></span> <span class='ocrx_word' id='word_1_183' title='bbox 815 2094 1019 2185; x_wconf 79' lang='lat' dir='ltr'><strong>pedestribus</strong></span> <span class='ocrx_word' id='word_1_184' title='bbox 1033 2094 1083 2161; x_wconf 91' lang='lat' dir='ltr'><strong>nti</strong></span> <span class='ocrx_word' id='word_1_185' title='bbox 1096 2096 1221 2185; x_wconf 80' lang='lat' dir='ltr'><strong>praebia</strong></span> 
     </span>
     <span class='ocr_line' id='line_1_22' title="bbox 112 2184 1213 2258; baseline -0.006 -7"><span class='ocrx_word' id='word_1_186' title='bbox 112 2195 357 2258; x_wconf 89' lang='lat' dir='ltr'><strong>consueverant,</strong></span> <span class='ocrx_word' id='word_1_187' title='bbox 371 2184 569 2249; x_wconf 84' lang='lat' dir='ltr'><strong>nitebantur.</strong></span> <span class='ocrx_word' id='word_1_188' title='bbox 936 2224 940 2239; x_wconf 84' lang='lat'><strong>·</strong></span> <span class='ocrx_word' id='word_1_189' title='bbox 1209 2244 1213 2253; x_wconf 78' lang='grc'><em>,</em></span> 
     </span>
    </p>

    <p class='ocr_par' dir='ltr' id='par_1_4' title="bbox 83 2268 1272 3313">
     <span class='ocr_line' id='line_1_23' title="bbox 156 2268 1221 2359; baseline 0.002 -24"><span class='ocrx_word' id='word_1_190' title='bbox 156 2272 212 2335; x_wconf 78' lang='grc'><strong>25.</strong></span> <span class='ocrx_word' id='word_1_191' title='bbox 238 2270 336 2347; x_wconf 85' lang='lat' dir='ltr'><strong>Quod</strong></span> <span class='ocrx_word' id='word_1_192' title='bbox 349 2269 407 2335; x_wconf 90' lang='lat' dir='ltr'><strong>ubi</strong></span> <span class='ocrx_word' id='word_1_193' title='bbox 423 2270 531 2337; x_wconf 83' lang='lat' dir='ltr'><strong>Caesar</strong></span> <span class='ocrx_word' id='word_1_194' title='bbox 544 2268 685 2335; x_wconf 90' lang='lat' dir='ltr'><strong>animum</strong></span> <span class='ocrx_word' id='word_1_195' title='bbox 706 2268 863 2346; x_wconf 84' lang='lat' dir='ltr'><strong>advertit,</strong></span> <span class='ocrx_word' id='word_1_196' title='bbox 884 2293 982 2337; x_wconf 90' lang='lat' dir='ltr'><strong>naves</strong></span> <span class='ocrx_word' id='word_1_197' title='bbox 996 2268 1120 2359; x_wconf 79' lang='lat' dir='ltr'><strong>longas,</strong></span> <span class='ocrx_word' id='word_1_198' title='bbox 1141 2293 1221 2359; x_wconf 87' lang='lat' dir='ltr'><strong>qus-</strong></span> 
     </span>
     <span class='ocr_line' id='line_1_24' title="bbox 114 2356 1219 2447; baseline -0.002 -22"><span class='ocrx_word' id='word_1_199' title='bbox 114 2383 187 2425; x_wconf 85' lang='lat' dir='ltr'><strong>rum</strong></span> <span class='ocrx_word' id='word_1_200' title='bbox 202 2371 237 2425; x_wconf 91' lang='lat' dir='ltr'><strong>et</strong></span> <span class='ocrx_word' id='word_1_201' title='bbox 251 2358 371 2447; x_wconf 85' lang='lat' dir='ltr'><strong>species</strong></span> <span class='ocrx_word' id='word_1_202' title='bbox 385 2370 455 2423; x_wconf 89' lang='lat' dir='ltr'><strong>erat</strong></span> <span class='ocrx_word' id='word_1_203' title='bbox 469 2356 615 2423; x_wconf 88' lang='lat' dir='ltr'><strong>barbaris</strong></span> <span class='ocrx_word' id='word_1_204' title='bbox 629 2357 813 2423; x_wconf 85' lang='lat' dir='ltr'><strong>inusitatior</strong></span> <span class='ocrx_word' id='word_1_205' title='bbox 826 2368 860 2422; x_wconf 92' lang='lat' dir='ltr'><strong>et</strong></span> <span class='ocrx_word' id='word_1_206' title='bbox 874 2369 982 2424; x_wconf 88' lang='lat' dir='ltr'><strong>motus</strong></span> <span class='ocrx_word' id='word_1_207' title='bbox 1000 2356 1042 2422; x_wconf 89' lang='lat' dir='ltr'><strong>ad</strong></span> <span class='ocrx_word' id='word_1_208' title='bbox 1057 2382 1153 2423; x_wconf 87' lang='lat' dir='ltr'><strong>usum</strong></span> <span class='ocrx_word' id='word_1_209' title='bbox 1165 2382 1219 2423; x_wconf 86' lang='lat' dir='ltr'><strong>ex·</strong></span> 
     </span>
     <span class='ocr_line' id='line_1_25' title="bbox 114 2442 1222 2547; baseline 0.001 -37"><span class='ocrx_word' id='word_1_210' title='bbox 114 2445 270 2547; x_wconf 74' lang='lat' dir='ltr'><strong>puditior,</strong></span> <span class='ocrx_word' id='word_1_211' title='bbox 300 2444 446 2533; x_wconf 92' lang='lat' dir='ltr'><strong>paullum</strong></span> <span class='ocrx_word' id='word_1_212' title='bbox 474 2443 632 2510; x_wconf 88' lang='lat' dir='ltr'><strong>removeri</strong></span> <span class='ocrx_word' id='word_1_213' title='bbox 659 2443 703 2509; x_wconf 92' lang='lat' dir='ltr'><strong>ab</strong></span> <span class='ocrx_word' id='word_1_214' title='bbox 728 2444 882 2509; x_wconf 89' lang='lat' dir='ltr'><strong>onerariis</strong></span> <span class='ocrx_word' id='word_1_215' title='bbox 908 2442 1044 2511; x_wconf 88' lang='lat' dir='ltr'><strong>navibus</strong></span> <span class='ocrx_word' id='word_1_216' title='bbox 1068 2456 1103 2509; x_wconf 91' lang='lat' dir='ltr'><strong>et</strong></span> <span class='ocrx_word' id='word_1_217' title='bbox 1116 2446 1222 2513; x_wconf 81' lang='lat' dir='ltr'><strong>remis</strong></span> 
     </span>
     <span class='ocr_line' id='line_1_26' title="bbox 114 2529 1221 2619; baseline 0.002 -23"><span class='ocrx_word' id='word_1_218' title='bbox 114 2531 241 2598; x_wconf 77' lang='lat' dir='ltr'><strong>incitari</strong></span> <span class='ocrx_word' id='word_1_219' title='bbox 263 2543 298 2596; x_wconf 91' lang='lat' dir='ltr'><strong>et</strong></span> <span class='ocrx_word' id='word_1_220' title='bbox 322 2530 365 2596; x_wconf 88' lang='lat' dir='ltr'><strong>ad</strong></span> <span class='ocrx_word' id='word_1_221' title='bbox 380 2532 465 2596; x_wconf 87' lang='lat' dir='ltr'><strong>latus</strong></span> <span class='ocrx_word' id='word_1_222' title='bbox 487 2542 638 2619; x_wconf 88' lang='lat' dir='ltr'><strong>apertum</strong></span> <span class='ocrx_word' id='word_1_223' title='bbox 660 2529 801 2595; x_wconf 88' lang='lat' dir='ltr'><strong>hostium</strong></span> <span class='ocrx_word' id='word_1_224' title='bbox 824 2530 1005 2605; x_wconf 88' lang='lat' dir='ltr'><strong>constituit,</strong></span> <span class='ocrx_word' id='word_1_225' title='bbox 1024 2542 1124 2617; x_wconf 89' lang='lat' dir='ltr'><strong>atque</strong></span> <span class='ocrx_word' id='word_1_226' title='bbox 1146 2532 1221 2600; x_wconf 88' lang='lat' dir='ltr'><strong>inde</strong></span> 
     </span>
     <span class='ocr_line' id='line_1_27' title="bbox 114 2616 1219 2706; baseline -0.001 -22"><span class='ocrx_word' id='word_1_227' title='bbox 114 2618 235 2694; x_wconf 83' lang='lat' dir='ltr'><strong>fundis,</strong></span> <span class='ocrx_word' id='word_1_228' title='bbox 250 2617 388 2705; x_wconf 83' lang='lat' dir='ltr'><strong>sagittis,</strong></span> <span class='ocrx_word' id='word_1_229' title='bbox 405 2618 584 2693; x_wconf 88' lang='lat' dir='ltr'><strong>tormentis,</strong></span> <span class='ocrx_word' id='word_1_230' title='bbox 597 2616 702 2681; x_wconf 88' lang='lat' dir='ltr'><strong>hostes</strong></span> <span class='ocrx_word' id='word_1_231' title='bbox 714 2640 775 2706; x_wconf 88' lang='lat' dir='ltr'><strong>pro</strong></span> <span class='ocrx_word' id='word_1_232' title='bbox 817 2617 854 2683; x_wconf 94' lang='lat' dir='ltr'><strong>lli</strong></span> <span class='ocrx_word' id='word_1_233' title='bbox 865 2641 903 2682; x_wconf 89' lang='lat' dir='ltr'><strong>ac</strong></span> <span class='ocrx_word' id='word_1_234' title='bbox 914 2616 1096 2696; x_wconf 86' lang='lat' dir='ltr'><strong>submoveri</strong></span> <span class='ocrx_word' id='word_1_235' title='bbox 1106 2617 1219 2705; x_wconf 86' lang='lat' dir='ltr'><strong>jussit:</strong></span> 
     </span>
     <span class='ocr_line' id='line_1_28' title="bbox 113 2702 1272 2793; baseline -0.002 -22"><span class='ocrx_word' id='word_1_236' title='bbox 113 2728 189 2793; x_wconf 85' lang='lat' dir='ltr'><strong>quse</strong></span> <span class='ocrx_word' id='word_1_237' title='bbox 212 2728 264 2771; x_wconf 89' lang='lat' dir='ltr'><strong>res</strong></span> <span class='ocrx_word' id='word_1_238' title='bbox 278 2727 394 2791; x_wconf 83' lang='lat' dir='ltr'><strong>magno</strong></span> <span class='ocrx_word' id='word_1_239' title='bbox 414 2704 487 2769; x_wconf 83' lang='lat' dir='ltr'><strong>usui</strong></span> <span class='ocrx_word' id='word_1_240' title='bbox 505 2704 622 2771; x_wconf 88' lang='lat' dir='ltr'><strong>nostris</strong></span> <span class='ocrx_word' id='word_1_241' title='bbox 641 2703 715 2777; x_wconf 87' lang='lat' dir='ltr'><strong>fuit.</strong></span> <span class='ocrx_word' id='word_1_242' title='bbox 796 2727 850 2769; x_wconf 89' lang='lat' dir='ltr'><strong>am</strong></span> <span class='ocrx_word' id='word_1_243' title='bbox 872 2716 906 2769; x_wconf 91' lang='lat' dir='ltr'><strong>et</strong></span> <span class='ocrx_word' id='word_1_244' title='bbox 921 2703 1053 2769; x_wconf 86' lang='lat' dir='ltr'><strong>navium</strong></span> <span class='ocrx_word' id='word_1_245' title='bbox 1066 2702 1173 2791; x_wconf 77' lang='lat' dir='ltr'><strong>figura</strong></span> <span class='ocrx_word' id='word_1_246' title='bbox 1186 2718 1221 2771; x_wconf 93' lang='lat' dir='ltr'><strong>et</strong></span> <span class='ocrx_word' id='word_1_247' title='bbox 1268 2709 1272 2731; x_wconf 89' lang='lat'>¹</span> 
     </span>
     <span class='ocr_line' id='line_1_29' title="bbox 115 2789 1222 2879; baseline -0.001 -22"><span class='ocrx_word' id='word_1_248' title='bbox 115 2815 280 2858; x_wconf 88' lang='lat' dir='ltr'><strong>remorum</strong></span> <span class='ocrx_word' id='word_1_249' title='bbox 294 2804 385 2857; x_wconf 90' lang='lat' dir='ltr'><strong>motu</strong></span> <span class='ocrx_word' id='word_1_250' title='bbox 397 2802 431 2856; x_wconf 90' lang='lat' dir='ltr'><strong>et</strong></span> <span class='ocrx_word' id='word_1_251' title='bbox 446 2790 600 2857; x_wconf 87' lang='lat' dir='ltr'><strong>inusitato</strong></span> <span class='ocrx_word' id='word_1_252' title='bbox 614 2812 732 2879; x_wconf 86' lang='lat' dir='ltr'><strong>genere</strong></span> <span class='ocrx_word' id='word_1_253' title='bbox 743 2801 978 2856; x_wconf 88' lang='lat' dir='ltr'><strong>tormentorum</strong></span> <span class='ocrx_word' id='word_1_254' title='bbox 994 2789 1133 2879; x_wconf 86' lang='lat' dir='ltr'><strong>permoti</strong></span> <span class='ocrx_word' id='word_1_255' title='bbox 1148 2792 1222 2856; x_wconf 85' lang='lat' dir='ltr'><strong>bar·</strong></span> 
     </span>
     <span class='ocr_line' id='line_1_30' title="bbox 115 2875 1223 2966; baseline 0.001 -21"><span class='ocrx_word' id='word_1_256' title='bbox 115 2879 188 2945; x_wconf 83' lang='lat' dir='ltr'><strong>bari</strong></span> <span class='ocrx_word' id='word_1_257' title='bbox 199 2878 426 2953; x_wconf 89' lang='lat' dir='ltr'><strong>constiterunt,</strong></span> <span class='ocrx_word' id='word_1_258' title='bbox 437 2902 474 2943; x_wconf 87' lang='lat' dir='ltr'><strong>ac</strong></span> <span class='ocrx_word' id='word_1_259' title='bbox 486 2877 633 2965; x_wconf 77' lang='lat' dir='ltr'><strong>paullum</strong></span> <span class='ocrx_word' id='word_1_260' title='bbox 642 2876 738 2943; x_wconf 90' lang='lat' dir='ltr'><strong>modo</strong></span> <span class='ocrx_word' id='word_1_261' title='bbox 751 2876 864 2966; x_wconf 89' lang='lat' dir='ltr'><strong>pedem</strong></span> <span class='ocrx_word' id='word_1_262' title='bbox 877 2875 1073 2942; x_wconf 89' lang='lat' dir='ltr'><strong>retulerunt.</strong></span> <span class='ocrx_word' id='word_1_263' title='bbox 1109 2879 1223 2965; x_wconf 84' lang='lat' dir='ltr'><strong>Atque</strong></span> 
     </span>
     <span class='ocr_line' id='line_1_31' title="bbox 114 2962 1221 3053; baseline 0 -22"><span class='ocrx_word' id='word_1_264' title='bbox 114 2966 237 3031; x_wconf 82' lang='lat' dir='ltr'><strong>nostris</strong></span> <span class='ocrx_word' id='word_1_265' title='bbox 258 2965 414 3032; x_wconf 86' lang='lat' dir='ltr'><strong>militibus</strong></span> <span class='ocrx_word' id='word_1_266' title='bbox 432 2964 669 3039; x_wconf 88' lang='lat' dir='ltr'><strong>cunctantibus,</strong></span> <span class='ocrx_word' id='word_1_267' title='bbox 694 2965 829 3029; x_wconf 84' lang='lat' dir='ltr'><strong>maxime</strong></span> <span class='ocrx_word' id='word_1_268' title='bbox 852 2962 990 3053; x_wconf 78' lang='lat' dir='ltr'><strong>propter</strong></span> <span class='ocrx_word' id='word_1_269' title='bbox 1015 2963 1221 3031; x_wconf 86' lang='lat' dir='ltr'><strong>altitudinem</strong></span> 
     </span>
     <span class='ocr_line' id='line_1_32' title="bbox 83 3050 1220 3141; baseline 0.001 -23"><span class='ocrx_word' id='word_1_270' title='bbox 83 3094 87 3105; x_wconf 86' lang='lat'>·</span> <span class='ocrx_word' id='word_1_271' title='bbox 114 3054 224 3129; x_wconf 88' lang='lat' dir='ltr'><strong>maris,</strong></span> <span class='ocrx_word' id='word_1_272' title='bbox 236 3052 295 3141; x_wconf 92' lang='lat' dir='ltr'><strong>qni</strong></span> <span class='ocrx_word' id='word_1_273' title='bbox 309 3051 439 3117; x_wconf 77' lang='lat' dir='ltr'><strong>decimae</strong></span> <span class='ocrx_word' id='word_1_274' title='bbox 454 3050 587 3139; x_wconf 82' lang='lat' dir='ltr'><strong>legionis</strong></span> <span class='ocrx_word' id='word_1_275' title='bbox 600 3051 742 3137; x_wconf 87' lang='lat' dir='ltr'><strong>aquilam</strong></span> <span class='ocrx_word' id='word_1_276' title='bbox 757 3050 896 3127; x_wconf 87' lang='lat' dir='ltr'><strong>ferebat,</strong></span> <span class='ocrx_word' id='word_1_277' title='bbox 909 3061 1108 3116; x_wconf 88' lang='lat' dir='ltr'><strong>contestatus</strong></span> <span class='ocrx_word' id='word_1_278' title='bbox 1120 3052 1220 3129; x_wconf 89' lang='lat' dir='ltr'><strong>Deos,</strong></span> 
     </span>
     <span class='ocr_line' id='line_1_33' title="bbox 116 3136 1221 3227; baseline -0.002 -22"><span class='ocrx_word' id='word_1_279' title='bbox 116 3152 155 3205; x_wconf 91' lang='lat' dir='ltr'><strong>ut</strong></span> <span class='ocrx_word' id='word_1_280' title='bbox 185 3164 225 3205; x_wconf 91' lang='lat' dir='ltr'><strong>ea</strong></span> <span class='ocrx_word' id='word_1_281' title='bbox 254 3162 304 3204; x_wconf 89' lang='lat' dir='ltr'><strong>res</strong></span> <span class='ocrx_word' id='word_1_282' title='bbox 332 3137 466 3227; x_wconf 87' lang='lat' dir='ltr'><strong>legionis</strong></span> <span class='ocrx_word' id='word_1_283' title='bbox 498 3136 635 3204; x_wconf 85' lang='lat' dir='ltr'><strong>feliciter</strong></span> <span class='ocrx_word' id='word_1_284' title='bbox 663 3137 825 3204; x_wconf 88' lang='lat' dir='ltr'><strong>eveniret:</strong></span> <span class='ocrx_word' id='word_1_285' title='bbox 863 3148 886 3178; x_wconf 88' lang='lat'><strong>“</strong></span> <span class='ocrx_word' id='word_1_286' title='bbox 904 3136 1073 3211; x_wconf 90' lang='lat' dir='ltr'><strong>Desilite,”</strong></span> <span class='ocrx_word' id='word_1_287' title='bbox 1102 3138 1221 3224; x_wconf 90' lang='lat' dir='ltr'><strong>inquit,</strong></span> 
     </span>
     <span class='ocr_line' id='line_1_34' title="bbox 116 3222 1222 3313; baseline 0 -20"><span class='ocrx_word' id='word_1_288' title='bbox 116 3238 141 3270; x_wconf 90' lang='grc'><strong>“</strong></span> <span class='ocrx_word' id='word_1_289' title='bbox 157 3226 414 3303; x_wconf 74' lang='grc' dir='ltr'><strong>οοιίιιιιὶΙίῖοιιοε,1</strong></span> <span class='ocrx_word' id='word_1_290' title='bbox 429 3222 488 3291; x_wconf 90' lang='lat' dir='ltr'><strong>nisi</strong></span> <span class='ocrx_word' id='word_1_291' title='bbox 512 3222 611 3293; x_wconf 84' lang='lat' dir='ltr'><strong>vultis</strong></span> <span class='ocrx_word' id='word_1_292' title='bbox 636 3224 778 3313; x_wconf 87' lang='lat' dir='ltr'><strong>aquilam</strong></span> <span class='ocrx_word' id='word_1_293' title='bbox 804 3223 951 3290; x_wconf 83' lang='lat' dir='ltr'><strong>hostibus</strong></span> <span class='ocrx_word' id='word_1_294' title='bbox 973 3223 1127 3313; x_wconf 83' lang='lat' dir='ltr'><strong>prodere:</strong></span> <span class='ocrx_word' id='word_1_295' title='bbox 1159 3248 1222 3313; x_wconf 80' lang='lat' dir='ltr'><strong>ego</strong></span> 
     </span>
    </p>
   </div>
   <div class='ocr_carea' id='block_1_3' title="bbox 150 3388 1222 3455">
    <p class='ocr_par' dir='ltr' id='par_1_5' title="bbox 150 3388 1222 3455">
     <span class='ocr_line' id='line_1_35' title="bbox 150 3388 1222 3455; baseline -0.001 -11"><span class='ocrx_word' id='word_1_296' title='bbox 150 3391 257 3455; x_wconf 61' lang='lat' dir='ltr'><strong>Marad,</strong></span> <span class='ocrx_word' id='word_1_297' title='bbox 269 3394 321 3455; x_wconf 87' lang='lat' dir='ltr'><strong>(nt)</strong></span> <span class='ocrx_word' id='word_1_298' title='bbox 335 3408 420 3444; x_wconf 75' lang='lat' dir='ltr'><strong>maces</strong></span> <span class='ocrx_word' id='word_1_299' title='bbox 430 3406 471 3441; x_wconf 80' lang='lat' dir='ltr'><strong>res</strong></span> <span class='ocrx_word' id='word_1_300' title='bbox 481 3392 645 3442; x_wconf 59' lang='lat' dir='ltr'><strong>&amp;mara-</strong></span> <span class='ocrx_word' id='word_1_301' title='bbox 732 3391 883 3449; x_wconf 78' lang='lat' dir='ltr'><strong>Essedoriis,</strong></span> <span class='ocrx_word' id='word_1_302' title='bbox 893 3388 939 3454; x_wconf 90' lang='lat' dir='ltr'><strong>qui</strong></span> <span class='ocrx_word' id='word_1_303' title='bbox 950 3404 983 3440; x_wconf 85' lang='lat' dir='ltr'><strong>ex</strong></span> <span class='ocrx_word' id='word_1_304' title='bbox 993 3391 1087 3439; x_wconf 86' lang='lat' dir='ltr'><strong>essedis</strong></span> <span class='ocrx_word' id='word_1_305' title='bbox 1095 3390 1222 3451; x_wconf 77' lang='lat' dir='ltr'><strong>(cunibus</strong></span> 
     </span>
    </p>
   </div>
   <div class='ocr_carea' id='block_1_4' title="bbox 116 3453 1327 3523">
    <p class='ocr_par' dir='ltr' id='par_1_6' title="bbox 116 3453 1327 3523">
     <span class='ocr_line' id='line_1_36' title="bbox 116 3453 1327 3523; baseline -0.002 -13"><span class='ocrx_word' id='word_1_306' title='bbox 116 3467 213 3518; x_wconf 76' lang='lat' dir='ltr'><strong>remur,</strong></span> <span class='ocrx_word' id='word_1_307' title='bbox 232 3466 260 3509; x_wconf 79' lang='lat' dir='ltr'><strong>ut</strong></span> <span class='ocrx_word' id='word_1_308' title='bbox 275 3458 337 3523; x_wconf 85' lang='lat' dir='ltr'><strong>(uti)</strong></span> <span class='ocrx_word' id='word_1_309' title='bbox 352 3462 416 3508; x_wconf 77' lang='lat' dir='ltr'><strong>ratio</strong></span> <span class='ocrx_word' id='word_1_310' title='bbox 431 3460 471 3506; x_wconf 73' lang='grc' dir='ltr'><strong>νει·</strong></span> <span class='ocrx_word' id='word_1_311' title='bbox 485 3458 605 3507; x_wconf 63' lang='lat' dir='ltr'><strong>mittaris</strong></span> <span class='ocrx_word' id='word_1_312' title='bbox 620 3463 645 3505; x_wconf 79' lang='lat' dir='ltr'><strong>et</strong></span> <span class='ocrx_word' id='word_1_313' title='bbox 691 3454 806 3516; x_wconf 87' lang='lat' dir='ltr'><strong>bellicis)</strong></span> <span class='ocrx_word' id='word_1_314' title='bbox 829 3463 950 3520; x_wconf 80' lang='lat' dir='ltr'><strong>pugnant.</strong></span> <span class='ocrx_word' id='word_1_315' title='bbox 986 3453 1045 3506; x_wconf 88' lang='lat' dir='ltr'><strong>Vid.</strong></span> <span class='ocrx_word' id='word_1_316' title='bbox 1070 3456 1175 3507; x_wconf 86' lang='lat' dir='ltr'><strong>omnino</strong></span> <span class='ocrx_word' id='word_1_317' title='bbox 1196 3476 1221 3508; x_wconf 90' lang='lat' dir='ltr'><strong>c.</strong></span> <span class='ocrx_word' id='word_1_318' title='bbox 1323 3466 1327 3476; x_wconf 86' lang='lat'>’</span> 
     </span>
    </p>
   </div>
   <div class='ocr_carea' id='block_1_5' title="bbox 117 3520 1221 4441">
    <p class='ocr_par' dir='ltr' id='par_1_7' title="bbox 117 3520 929 3599">
     <span class='ocr_line' id='line_1_37' title="bbox 117 3520 929 3599; baseline -0.009 -24"><span class='ocrx_word' id='word_1_319' title='bbox 117 3540 158 3575; x_wconf 81' lang='lat' dir='ltr'><strong>res</strong></span> <span class='ocrx_word' id='word_1_320' title='bbox 179 3527 264 3574; x_wconf 61' lang='lat' dir='ltr'><strong>maed.</strong></span> <span class='ocrx_word' id='word_1_321' title='bbox 285 3526 448 3597; x_wconf 53' lang='lat' dir='ltr'><strong>pocularem,</strong></span> <span class='ocrx_word' id='word_1_322' title='bbox 474 3530 502 3572; x_wconf 82' lang='lat' dir='ltr'><strong>ut</strong></span> <span class='ocrx_word' id='word_1_323' title='bbox 523 3520 645 3585; x_wconf 88' lang='lat' dir='ltr'><strong>(quippe)</strong></span> <span class='ocrx_word' id='word_1_324' title='bbox 692 3524 735 3570; x_wconf 78' lang='lat' dir='ltr'><strong>tt.</strong></span> <span class='ocrx_word' id='word_1_325' title='bbox 752 3521 789 3569; x_wconf 79' lang='grc' dir='ltr'><strong>Μ.</strong></span> <span class='ocrx_word' id='word_1_326' title='bbox 924 3588 929 3599; x_wconf 39' lang='lat'>.</span> 
     </span>
    </p>

    <p class='ocr_par' dir='ltr' id='par_1_8' title="bbox 117 3585 1220 3783">
     <span class='ocr_line' id='line_1_38' title="bbox 117 3585 1220 3725; baseline -0.011 -20"><span class='ocrx_word' id='word_1_327' title='bbox 117 3586 644 3713; x_wconf 54' lang='lat' dir='ltr'><strong>tistitfflrtttttn}</strong></span> <span class='ocrx_word' id='word_1_328' title='bbox 726 3585 1117 3725; x_wconf 47' lang='lat' dir='ltr'><strong>matuta</strong></span> <span class='ocrx_word' id='word_1_329' title='bbox 1151 3652 1220 3703; x_wconf 68' lang='lat' dir='ltr'><strong>a...</strong></span> 
     </span>
     <span class='ocr_line' id='line_1_39' title="bbox 153 3716 1139 3783; baseline -0.007 -13"><span class='ocrx_word' id='word_1_330' title='bbox 153 3720 262 3769; x_wconf 72' lang='lat' dir='ltr'><strong>Oderesa</strong></span> <span class='ocrx_word' id='word_1_331' title='bbox 272 3727 348 3783; x_wconf 80' lang='lat' dir='ltr'><strong>atque</strong></span> <span class='ocrx_word' id='word_1_332' title='bbox 362 3718 452 3767; x_wconf 68' lang='lat' dir='ltr'><strong>indat.</strong></span> <span class='ocrx_word' id='word_1_333' title='bbox 466 3724 525 3766; x_wconf 81' lang='lat' dir='ltr'><strong>mot.</strong></span> <span class='ocrx_word' id='word_1_334' title='bbox 543 3717 644 3773; x_wconf 71' lang='lat' dir='ltr'><strong>haben,</strong></span> <span class='ocrx_word' id='word_1_335' title='bbox 693 3724 834 3781; x_wconf 72' lang='lat' dir='ltr'><strong>possmnes</strong></span> <span class='ocrx_word' id='word_1_336' title='bbox 844 3720 953 3764; x_wconf 75' lang='lat' dir='ltr'><strong>restituit</strong></span> <span class='ocrx_word' id='word_1_337' title='bbox 963 3716 1030 3764; x_wconf 78' lang='lat' dir='ltr'><strong>oon.</strong></span> <span class='ocrx_word' id='word_1_338' title='bbox 1041 3730 1056 3763; x_wconf 91' lang='lat' dir='ltr'><strong>e</strong></span> <span class='ocrx_word' id='word_1_339' title='bbox 1066 3716 1139 3763; x_wconf 84' lang='lat' dir='ltr'><strong>codd.</strong></span> 
     </span>
    </p>

    <p class='ocr_par' dir='ltr' id='par_1_9' title="bbox 118 3780 1220 3843">
     <span class='ocr_line' id='line_1_40' title="bbox 118 3780 1220 3843; baseline -0.007 -10"><span class='ocrx_word' id='word_1_340' title='bbox 118 3782 241 3833; x_wconf 78' lang='lat' dir='ltr'><strong>bacillime</strong></span> <span class='ocrx_word' id='word_1_341' title='bbox 264 3782 366 3841; x_wconf 85' lang='lat' dir='ltr'><strong>mutari,</strong></span> <span class='ocrx_word' id='word_1_342' title='bbox 393 3782 467 3831; x_wconf 82' lang='lat' dir='ltr'><strong>valde</strong></span> <span class='ocrx_word' id='word_1_343' title='bbox 494 3780 644 3831; x_wconf 86' lang='lat' dir='ltr'><strong>mutabilem</strong></span> <span class='ocrx_word' id='word_1_344' title='bbox 726 3781 1028 3843; x_wconf 77' lang='lat' dir='ltr'><strong>Imaesaetos,adsuetos=</strong></span> <span class='ocrx_word' id='word_1_345' title='bbox 1045 3785 1220 3831; x_wconf 65' lang='lat' dir='ltr'><strong>ulmeam</strong></span> 
     </span>
    </p>

    <p class='ocr_par' dir='ltr' id='par_1_10' title="bbox 119 3844 1218 3977">
     <span class='ocr_line' id='line_1_41' title="bbox 119 3844 1218 3911; baseline -0.002 -13"><span class='ocrx_word' id='word_1_346' title='bbox 119 3864 183 3899; x_wconf 83' lang='lat' dir='ltr'><strong>esse.</strong></span> <span class='ocrx_word' id='word_1_347' title='bbox 201 3850 240 3898; x_wconf 74' lang='lat' dir='ltr'><strong>M.</strong></span> <span class='ocrx_word' id='word_1_348' title='bbox 273 3845 621 3911; x_wconf 76' lang='lat' dir='ltr'><strong>Prostquaealiiutquam.</strong></span> <span class='ocrx_word' id='word_1_349' title='bbox 692 3844 859 3909; x_wconf 86' lang='lat' dir='ltr'><strong>dicitur,&#39;qoi</strong></span> <span class='ocrx_word' id='word_1_350' title='bbox 877 3850 916 3893; x_wconf 87' lang='lat' dir='ltr'><strong>est</strong></span> <span class='ocrx_word' id='word_1_351' title='bbox 933 3844 1093 3894; x_wconf 70' lang='lat' dir='ltr'><strong>adsueloetus</strong></span> <span class='ocrx_word' id='word_1_352' title='bbox 1110 3845 1156 3894; x_wconf 81' lang='lat' dir='ltr'><strong>rei.</strong></span> <span class='ocrx_word' id='word_1_353' title='bbox 1190 3846 1218 3896; x_wconf 90' lang='lat' dir='ltr'><strong>ln</strong></span> 
     </span>
     <span class='ocr_line' id='line_1_42' title="bbox 152 3906 1142 3977; baseline -0.005 -14"><span class='ocrx_word' id='word_1_354' title='bbox 152 3914 229 3963; x_wconf 75' lang='lat' dir='ltr'><strong>Milia</strong></span> <span class='ocrx_word' id='word_1_355' title='bbox 237 3928 307 3977; x_wconf 79' lang='lat' dir='ltr'><strong>pass.</strong></span> <span class='ocrx_word' id='word_1_356' title='bbox 320 3914 342 3960; x_wconf 85' lang='lat' dir='ltr'><em>V</em></span> <span class='ocrx_word' id='word_1_357' title='bbox 343 3912 383 3961; x_wconf 88' lang='lat'><strong>11.</strong></span> <span class='ocrx_word' id='word_1_358' title='bbox 406 3909 644 3975; x_wconf 83' lang='lat' dir='ltr'><strong>lumetaphrasiest</strong></span> <span class='ocrx_word' id='word_1_359' title='bbox 691 3911 736 3960; x_wconf 86' lang='lat' dir='ltr'><strong>Gr.</strong></span> <span class='ocrx_word' id='word_1_360' title='bbox 749 3910 932 3972; x_wconf 65' lang='lat' dir='ltr'><strong>metaphrast,</strong></span> <span class='ocrx_word' id='word_1_361' title='bbox 949 3906 1086 3969; x_wconf 56' lang='lat' dir='ltr'><strong>diadum.</strong></span> <span class='ocrx_word' id='word_1_362' title='bbox 1104 3911 1142 3960; x_wconf 77' lang='grc' dir='ltr'><strong>Μ.</strong></span> 
     </span>
    </p>

    <p class='ocr_par' dir='ltr' id='par_1_11' title="bbox 118 3973 1219 4089">
     <span class='ocr_line' id='line_1_43' title="bbox 118 3973 1219 4089; baseline 0.001 -64"><span class='ocrx_word' id='word_1_363' title='bbox 118 3974 644 4041; x_wconf 65' lang='grc' dir='ltr'><strong>ηᾶυν,υ1ιίὓιιὶιίιιιεςιεςίο1εςοιιάιιιιι</strong></span> <span class='ocrx_word' id='word_1_364' title='bbox 729 3973 981 4049; x_wconf 58' lang='lat' dir='ltr'><strong>Non-alebamur.</strong></span> <span class='ocrx_word' id='word_1_365' title='bbox 1007 3974 1219 4089; x_wconf 48' lang='lat' dir='ltr'><strong>&#39;flammaqnod</strong></span> 
     </span>
    </p>

    <p class='ocr_par' dir='ltr' id='par_1_12' title="bbox 119 4039 1220 4104">
     <span class='ocr_line' id='line_1_44' title="bbox 119 4039 1220 4104; baseline -0.001 -12"><span class='ocrx_word' id='word_1_366' title='bbox 119 4052 206 4092; x_wconf 82' lang='lat' dir='ltr'><strong>monet</strong></span> <span class='ocrx_word' id='word_1_367' title='bbox 221 4040 302 4091; x_wconf 69' lang='lat' dir='ltr'><strong>nolin</strong></span> <span class='ocrx_word' id='word_1_368' title='bbox 318 4040 335 4089; x_wconf 87' lang='lat' dir='ltr'><strong>s&#39;</strong></span> <span class='ocrx_word' id='word_1_369' title='bbox 349 4042 405 4091; x_wconf 85' lang='lat' dir='ltr'><strong>sive</strong></span> <span class='ocrx_word' id='word_1_370' title='bbox 415 4045 456 4099; x_wconf 80' lang='lat'><strong>5⁰,</strong></span> <span class='ocrx_word' id='word_1_371' title='bbox 468 4040 515 4104; x_wconf 90' lang='lat' dir='ltr'><strong>qui</strong></span> <span class='ocrx_word' id='word_1_372' title='bbox 527 4054 645 4088; x_wconf 88' lang='lat' dir='ltr'><strong>numerus</strong></span> <span class='ocrx_word' id='word_1_373' title='bbox 690 4040 769 4103; x_wconf 76' lang='lat' dir='ltr'><strong>vulgo</strong></span> <span class='ocrx_word' id='word_1_374' title='bbox 789 4039 898 4097; x_wconf 86' lang='lat' dir='ltr'><strong>additur,</strong></span> <span class='ocrx_word' id='word_1_375' title='bbox 919 4054 945 4087; x_wconf 92' lang='lat' dir='ltr'><strong>m</strong></span> <span class='ocrx_word' id='word_1_376' title='bbox 965 4039 1082 4103; x_wconf 75' lang='lat' dir='ltr'><strong>plurimrs</strong></span> <span class='ocrx_word' id='word_1_377' title='bbox 1097 4040 1147 4090; x_wconf 86' lang='lat' dir='ltr'><strong>cod</strong></span> <span class='ocrx_word' id='word_1_378' title='bbox 1166 4077 1173 4091; x_wconf 90' lang='lat'><strong>.</strong></span> <span class='ocrx_word' id='word_1_379' title='bbox 1192 4050 1220 4091; x_wconf 83' lang='lat' dir='ltr'><strong>et</strong></span> 
     </span>
    </p>

    <p class='ocr_par' dir='ltr' id='par_1_13' title="bbox 120 4103 905 4171">
     <span class='ocr_line' id='line_1_45' title="bbox 120 4103 905 4171; baseline -0.009 -13"><span class='ocrx_word' id='word_1_380' title='bbox 120 4123 138 4171; x_wconf 86' lang='lat' dir='ltr'><strong>p</strong></span> <span class='ocrx_word' id='word_1_381' title='bbox 209 4104 466 4157; x_wconf 72' lang='lat' dir='ltr'><strong>adulterumaccedit</strong></span> <span class='ocrx_word' id='word_1_382' title='bbox 484 4103 648 4167; x_wconf 75' lang='lat' dir='ltr'><strong>luendpris·</strong></span> <span class='ocrx_word' id='word_1_383' title='bbox 692 4104 751 4155; x_wconf 85' lang='lat' dir='ltr'><strong>edd.</strong></span> <span class='ocrx_word' id='word_1_384' title='bbox 763 4111 814 4152; x_wconf 85' lang='lat' dir='ltr'><strong>set.</strong></span> <span class='ocrx_word' id='word_1_385' title='bbox 825 4104 905 4151; x_wconf 81' lang='lat' dir='ltr'><strong>deest.</strong></span> 
     </span>
    </p>

    <p class='ocr_par' dir='ltr' id='par_1_14' title="bbox 118 4169 1221 4303">
     <span class='ocr_line' id='line_1_46' title="bbox 118 4169 1221 4235; baseline 0.002 -14"><span class='ocrx_word' id='word_1_386' title='bbox 118 4171 159 4221; x_wconf 85' lang='lat' dir='ltr'><strong>cis</strong></span> <span class='ocrx_word' id='word_1_387' title='bbox 210 4170 432 4235; x_wconf 72' lang='lat' dir='ltr'><strong>iturceneam.alii</strong></span> <span class='ocrx_word' id='word_1_388' title='bbox 445 4169 619 4220; x_wconf 82' lang='lat' dir='ltr'><strong>habentvlll.</strong></span> <span class='ocrx_word' id='word_1_389' title='bbox 729 4169 888 4219; x_wconf 73' lang='lat' dir='ltr'><strong>Nitebasuur.</strong></span> <span class='ocrx_word' id='word_1_390' title='bbox 919 4169 962 4218; x_wconf 85' lang='lat' dir='ltr'><strong>Sic</strong></span> <span class='ocrx_word' id='word_1_391' title='bbox 982 4170 1040 4219; x_wconf 85' lang='lat' dir='ltr'><strong>cod.</strong></span> <span class='ocrx_word' id='word_1_392' title='bbox 1063 4170 1221 4223; x_wconf 72' lang='lat' dir='ltr'><strong>Groneia·</strong></span> 
     </span>
     <span class='ocr_line' id='line_1_47' title="bbox 155 4232 1058 4303; baseline -0.003 -16"><span class='ocrx_word' id='word_1_393' title='bbox 155 4239 245 4301; x_wconf 76' lang='lat' dir='ltr'><strong>Aperta</strong></span> <span class='ocrx_word' id='word_1_394' title='bbox 261 4252 293 4287; x_wconf 86' lang='lat' dir='ltr'><strong>ac</strong></span> <span class='ocrx_word' id='word_1_395' title='bbox 305 4239 385 4303; x_wconf 78' lang='lat' dir='ltr'><strong>plasto</strong></span> <span class='ocrx_word' id='word_1_396' title='bbox 400 4238 477 4286; x_wconf 73' lang='lat' dir='ltr'><strong>litore.</strong></span> <span class='ocrx_word' id='word_1_397' title='bbox 510 4232 645 4285; x_wconf 78' lang='lat' dir='ltr'><strong>D’Anville</strong></span> <span class='ocrx_word' id='word_1_398' title='bbox 669 4278 671 4287; x_wconf 52' lang='lat'><strong>,</strong></span> <span class='ocrx_word' id='word_1_399' title='bbox 693 4242 788 4301; x_wconf 74' lang='lat' dir='ltr'><strong>genter.</strong></span> <span class='ocrx_word' id='word_1_400' title='bbox 822 4232 908 4295; x_wconf 76' lang='lat' dir='ltr'><strong>Vulgo</strong></span> <span class='ocrx_word' id='word_1_401' title='bbox 916 4235 1058 4299; x_wconf 68' lang='lat' dir='ltr'><strong>utebmssr.</strong></span> 
     </span>
    </p>

    <p class='ocr_par' dir='ltr' id='par_1_15' title="bbox 120 4300 1077 4366">
     <span class='ocr_line' id='line_1_48' title="bbox 120 4300 1077 4366; baseline -0.004 -13"><span class='ocrx_word' id='word_1_402' title='bbox 120 4301 230 4353; x_wconf 66' lang='lat' dir='ltr'><strong>ossum</strong></span> <span class='ocrx_word' id='word_1_403' title='bbox 249 4316 310 4366; x_wconf 71' lang='grc' dir='ltr'><strong>με.</strong></span> <span class='ocrx_word' id='word_1_404' title='bbox 327 4317 383 4353; x_wconf 86' lang='lat' dir='ltr'><strong>esse</strong></span> <span class='ocrx_word' id='word_1_405' title='bbox 399 4308 501 4365; x_wconf 82' lang='lat' dir='ltr'><strong>portum</strong></span> <span class='ocrx_word' id='word_1_406' title='bbox 517 4300 647 4359; x_wconf 69' lang='lat' dir='ltr'><strong>heman,</strong></span> <span class='ocrx_word' id='word_1_407' title='bbox 730 4301 974 4363; x_wconf 75' lang='lat' dir='ltr'><strong>Atqsenostn&#39;sou&#39;t.</strong></span> <span class='ocrx_word' id='word_1_408' title='bbox 987 4301 1023 4350; x_wconf 85' lang='lat' dir='ltr'><strong>al.</strong></span> <span class='ocrx_word' id='word_1_409' title='bbox 1036 4303 1077 4351; x_wconf 79' lang='lat' dir='ltr'><strong>As.</strong></span> 
     </span>
    </p>

    <p class='ocr_par' dir='ltr' id='par_1_16' title="bbox 122 4359 1137 4441">
     <span class='ocr_line' id='line_1_49' title="bbox 122 4359 1137 4441; baseline 0 -24"><span class='ocrx_word' id='word_1_410' title='bbox 122 4366 199 4418; x_wconf 81' lang='lat' dir='ltr'><strong>bodie</strong></span> <span class='ocrx_word' id='word_1_411' title='bbox 212 4368 296 4433; x_wconf 73' lang='lat' dir='ltr'><strong>Hyas.</strong></span> <span class='ocrx_word' id='word_1_412' title='bbox 321 4396 340 4441; x_wconf 62' lang='lat'>4</span> <span class='ocrx_word' id='word_1_413' title='bbox 677 4359 680 4371; x_wconf 86' lang='lat'>&#39;</span> <span class='ocrx_word' id='word_1_414' title='bbox 731 4364 927 4417; x_wconf 54' lang='lat' dir='ltr'><strong>cosam.</strong></span> <span class='ocrx_word' id='word_1_415' title='bbox 942 4364 1021 4432; x_wconf 67' lang='lat' dir='ltr'><strong>vulgo</strong></span> <span class='ocrx_word' id='word_1_416' title='bbox 1036 4368 1137 4418; x_wconf 69' lang='lat' dir='ltr'><strong>sss&#39;ls&#39;tee.</strong></span> 
     </span>
    </p>
   </div>
   <div class='ocr_carea' id='block_1_6' title="bbox 0 0 1474 4809">
    <p class='ocr_par' dir='ltr' id='par_1_17' title="bbox 0 0 1474 4809">
     <span class='ocr_line' id='line_1_50' title="bbox 0 0 1474 4809; baseline 0 0"><span class='ocrx_word' id='word_1_417' title='bbox 0 0 1474 4809; x_wconf 95' lang='lat' dir='ltr'><strong> </strong></span> 
     </span>
    </p>
   </div>
  </div>
 </body>
</html>
