2909 4809
214 266 258 333 48
427 200 435 219 =
521 254 584 325 DE
607 251 758 325 BELLO
782 241 999 321 Glauco.

215 444 388 513 titudinem
403 442 516 511 eoru'm
528 443 722 533 fugientium
736 430 958 513 conciderunt,
981 458 1083 525 quum
1097 434 1141 501 ab
1159 443 1307 501 extremo

217 534 354 621 agmine,
369 531 411 597 ad
426 554 507 621 quos
519 543 651 595 ventum
665 542 749 605 erat,
772 529 980 593 consisterent
997 524 1192 610 fortiterque
1217 523 1308 609 inpe-

219 633 290 685 tum
300 632 482 689 nostrorum
495 618 634 682 militum
645 618 857 687 sustinerent;
878 614 1066 703 prioresque
1079 608 1182 698 (quod
1196 609 1309 674 abone

144 768 152 777 .
218 730 239 771 a
253 705 398 795 periculo
410 704 609 781 viderentur,
631 726 737 791 neque
751 701 819 766 ulla
832 700 1030 773 necessitate,
1052 719 1157 785 neque
1171 696 1310 783 imperio

220 794 487 877 continerentur‚)
518 790 670 855 exaudito
704 789 854 863 clamore,
890 785 1090 875 perturbatis
1127 781 1310 857 ordinibus,

221 902 329 943 omnes
340 880 372 944 in
383 879 463 967 fuga
473 878 533 942 sibi
547 876 731 1027 presidium
745 885 911 963 ponerent.
936 870 987 936 lta
1000 872 1066 935 sine
1080 870 1148 935 ullo
1162 869 1312 957 periculo

221 977 344 1031 tantam
366 988 479 1031 eorum
501 962 744 1028 mutitudinem
764 961 863 1025 nostri
881 958 1126 1033 interimerunt,
1149 967 1312 1043 quantum

221 1052 286 1117 fuit
303 1051 369 1117 diei
382 1052 536 1139 spatium:
560 1050 623 1114 sub
637 1071 848 1135 occasumque
867 1046 941 1111 solis
953 1045 1149 1110 destiterunt
1162 1066 1262 1130 seque
1277 1044 1312 1107 iu

223 1150 339 1213 castra,
352 1148 390 1201 ut
403 1148 474 1201 erat
485 1137 689 1236 imperatum,
704 1146 908 1222 receperunt.

272 1225 320 1289 12.
346 1222 504 1288 Postridie
515 1245 583 1323 equs
596 1222 660 1286 diei
676 1222 794 1296 Caesar,
807 1223 896 1309 prius
909 1242 1007 1307 quam
1025 1243 1059 1284 se
1072 1216 1178 1283 hostes
1191 1240 1233 1281 ex
1245 1228 1314 1282 ter-

224 1332 298 1376 rore
320 1334 358 1375 ac
378 1310 457 1397 fuga
479 1321 671 1397 reciperent,
695 1310 727 1373 in
751 1308 827 1372 fines
852 1309 1067 1381 Suessionum,
1091 1305 1149 1392 qui
1198 1304 1315 1368 roximi

226 1396 452 1469 Remiserunt,
477 1396 654 1460 exercitum
668 1394 764 1459 duxit
783 1407 817 1458 et
836 1418 868 1459 m
911 1416 952 1457 no
970 1394 1084 1457 itinere
1103 1412 1143 1455 co
1177 1402 1251 1454 ecto
1270 1390 1315 1455 ad

224 1481 381 1570 oppidum
398 1481 629 1547 Noviodunum
650 1480 826 1550 contendit.
869 1417 910 1543 id
931 1504 971 1545 ex
990 1479 1104 1544 itinere
1123 1477 1317 1564 obpugnare

225 1582 368 1644 conatus,
383 1568 472 1656 quod
488 1591 625 1633 vacuum
638 1570 681 1633 ab
694 1566 915 1633 defensoribus
924 1590 990 1631 esse
1000 1565 1166 1638 audiebat,
1179 1576 1317 1714 propter

224 1654 429 1721 latitudinem
443 1656 534 1744 fomae¹
545 1656 693 1741 murique
706 1652 923 1728 altitudinem,
935 1653 1045 1741 paucis
1054 1650 1241 1716 defendenti
1266 1674 1317 1726 us,

226 1748 414 1831 expugnare
428 1764 488 1807 non
502 1742 629 1829 potuit.
677 1742 798 1805 Castris
819 1740 962 1815 munitis,
984 1740 1090 1804 vineas
1104 1760 1213 1825 agere,
1228 1762 1317 1825 quae·

227 1852 293 1916 que
303 1826 345 1893 ad
361 1828 616 1917 oppugnandum
630 1828 700 1893 usui
716 1838 818 1902 erant,
831 1849 1016 1914 comparare
1026 1850 1076 1890 coe
1100 1826 1135 1889 it.
1181 1824 1318 1889 Interim

227 1916 327 1981 omnis
350 1939 390 1979 ex
413 1916 491 2004 fuga
516 1916 718 1980 Suessionum
740 1912 920 1978 multitudo
940 1914 972 1977 in
995 1850 1151 2000 oppidum
1171 1913 1319 2000 proxima

228 2016 322 2067 nocte
345 2003 503 2067 convenit.
551 2001 710 2065 Celeriter
734 2002 832 2066 vineis
851 2000 893 2065 ad
908 2024 928 2065 ο
950 1999 1066 2087 pidum
1079 2000 1169 2074 actis,
1195 2022 1319 2086 aggere

174 2164 177 2171 Ι
224 2088 312 2175 jacto
335 2090 545 2173 turribusque
563 2088 754 2161 constitutis,
775 2087 920 2174 magnitu
945 2088 996 2151 ine
1015 2108 1161 2173 operum,
1176 2109 1251 2172 quae
1265 2108 1320 2149 ne-

229 2196 293 2259 que
309 2174 456 2239 viderant
470 2186 545 2237 aute
560 2173 659 2247 Galli,
683 2195 788 2258 neque
810 2172 991 2248 audierant,
1012 2186 1046 2237 et
1067 2173 1234 2237 celeritate
1253 2171 1319 2235 Ro‘-

229 2282 396 2327 manorum
459 2260 567 2332 rmoti‚
585 2258 707 2345 legatos
720 2258 764 2322 ad
779 2259 937 2323 Caesarem
950 2259 992 2323 de
1004 2259 1167 2324 deditione
1182 2259 1321 2323 mittunt

229 2357 275 2421 et,
293 2282 477 2433 petentiieus
492 2344 611 2418 Remis,
627 2356 666 2408 ut
676 2358 954 2419 conservarentur,
969 2348 1142 2433 inpetrant.

278 2434 326 2497 13.
352 2432 470 2507 Caesar,
486 2430 651 2495 obsidibus
665 2431 815 2519 acceptis,
831 2432 942 2519 primis
962 2432 1100 2497 civitatis
1112 2432 1322 2520 atqueipsius

233 2518 349 2586 Galbre
362 2518 461 2605 Regis
473 2516 602 2582 duobus
624 2516 695 2581 filiis
709 2519 869 2604 armisque
883 2518 1031 2583 omnibus
1050 2544 1092 2583 ex
1114 2517 1236 2608 oppido
1255 2532 1322 2583 tra·

230 2604 318 2680 ditis,
333 2605 365 2669 in
380 2602 576 2670 deditionem
592 2604 774 2669 Suessiones
785 2606 921 2692 accepit,
936 2606 1179 2692 exercitumque
1193 2605 1226 2670 in
1247 2604 1323 2669 Bel-

232 2690 356 2757 lovacos
384 2690 489 2755 duxit.
542 2691 607 2765 Qui
636 2714 739 2777 quum
764 2715 798 2755 se
825 2715 862 2756 su
907 2716 948 2756 ue
970 2692 1076 2757 omnia
1101 2693 1133 2756 iu
1163 2690 1323 2779 oppidum

234 2776 500 2865 Bratuspantium
512 2776 731 2850 contulissent,
753 2714 914 2866 atqueiiii)
933 2801 972 2842 eo
984 2776 1106 2867 oppido
1127 2778 1234 2843 Caesar
1246 2800 1323 2842 cum

268 2939 304 2987 Ab
320 2947 381 2988 ectr.
397 2954 465 3003 aym.
484 2938 502 2988 i.
515 2955 549 3005 e.,
566 2938 584 2987 ii
603 2940 628 2989 in
643 2948 755 2989 extremo
804 2940 884 3002 Negat
899 2940 947 2988 hoc
961 2940 1101 2991 Guischard
1114 2941 1138 2989 iu
1152 2939 1232 2989 Mem.
1245 2939 1323 2989 milit.

233 3002 342 3066 agmine.
360 3004 397 3051 M.
800 3014 820 3052 t.
832 3010 857 3051 9.
868 3022 895 3067 p.
911 3012 935 3053 5.
951 3016 1003 3055 ete
1022 3006 1138 3071 Vegetio,
1150 3013 1174 3065 4,
1195 3010 1233 3053 1⁵.
1249 3008 1326 3055 docet

269 3068 423 3117 Praedam.
441 3067 518 3116 Pauci
531 3068 605 3117 codd.
615 3069 756 3118 nasama.
800 3069 879 3118 faiam
892 3069 1020 3119 machinas
1031 3071 1149 3129 mobiles,
1161 3071 1250 3133 quales
1266 3071 1326 3121 vide

235 3132 318 3182 Caesar
330 3132 450 3181 libentius
457 3135 600 3197 presidium
618 3134 666 3181 lroo
681 3149 756 3182 sensu
801 3134 836 3183 sis
854 3134 993 3198 descriptas
1014 3136 1038 3183 in
1058 3137 1150 3195 Indice,
1167 3136 1326 3199 exponitque

235 3196 308 3247 dicit.
340 3196 456 3246 Ceterum
473 3198 522 3247 Dio
539 3196 608 3246 Cass.
625 3200 664 3257 39,
685 3202 709 3255 2,
732 3207 758 3246 et
803 3214 848 3261 per
857 3198 982 3247 Gallicum
992 3204 1105 3263 pulcrior.
1128 3200 1326 3265 Utramquesig-

236 3260 759 3326 mount.incescaomancexpeuiti-
803 3263 972 3313 nificatio'nem
995 3266 1101 3314 diversis
1121 3266 1237 3314 obtinere
1257 3266 1326 3317 locis

236 3343 310 3376 onem
318 3327 627 3391 paucissimisattigerunt.
640 3328 760 3377 nisena
802 3328 887 3377 statuit
897 3328 1018 3377 lo-looz
1033 3331 1057 3379 iu
1072 3330 1180 3380 Defensa
1195 3332 1228 3381 d'u
1242 3331 1325 3383 Cher.

235 3392 325 3453 ιὰἰῐιιιιι
332 3390 762 3457 recepitScaliger,secutisuntulij.
803 3392 945 3442 de'Folard.
958 3399 983 3442 8.
1009 3396 1138 3451 Bouillon‚
1155 3398 1225 3445 1⁷76.
1243 3414 1270 3461 p.
1284 3400 1324 3446 28.

272 3458 431 3516 nemorum,
446 3458 503 3505 scil.
512 3453 758 3518 interlicere'Vulgo
804 3467 925 3522 putatque
936 3464 1099 3525 oineosuyere
1107 3470 1133 3509 et
1141 3475 1243 3526 oppetes
1252 3480 1327 3526 apere

237 3524 304 3584 sequi
329 3522 477 3571 abtulerunt.
523 3522 616 3570 Verum
641 3522 666 3569 id
693 3525 760 3586 sequi
803 3539 858 3571 esse
868 3539 1013 3587 synonyma,
1028 3542 1078 3589 qua
1090 3526 1115 3575 in
1131 3526 1261 3576 refellitur
1270 3544 1326 3577 om-

237 3585 419 3635 abeatabonis
426 3588 502 3659 codd.
513 3594 537 3634 et
546 3586 606 3635 edit.
616 3594 667 3635 ret.
803 3587 873 3635 uino.
893 3588 1113 3652 Viderapqerin
1125 3591 1219 3641 Indice.
1376 3628 1381 3639 .

276 3650 561 3717 Terrore.ulri,porore.
840 3654 1104 3705 Turribusconstr'tutis.
1137 3658 1327 3708 Vet.cod.oon·

277 3716 365 3765 Vineae
374 3732 455 3779 opere.
482 3716 532 3764 Pro
543 3732 615 3779 opere
625 3716 759 3777 legendum
801 3721 908 3766 structis.
925 3719 1029 3769 forsane
1038 3723 1131 3783 glossa.

238 3796 354 3845 appetem
365 3779 482 3845 praecipit
496 3780 679 3831 ilotomaunus.
696 3780 760 3829 irus-
840 3783 932 3831 Gulhae.
948 3782 1001 3831 vid.
1013 3801 1037 3832 c.
1049 3790 1073 3833 4.
1092 3788 1129 3834 M.

237 3852 285 3893 tra.
336 3846 403 3893 Male
438 3845 536 3909 quippe
563 3845 694 3919 referretur
727 3846 760 3893 ad
840 3848 1052 3921 Bratuspantium.
1093 3852 1160 3900 Idem
1186 3868 1242 3900 esse
1266 3868 1325 3903 cum

239 3924 390 4030 m·
402 3910 673 4039 1¹2¹{²t.{;‘.‘3.¹.tt.⁰5‡t.1
682 3926 763 4037 tut?
804 3910 939 4039 {titt
952 3917 1327 4033 itttmtltt'ffit

240 4052 307 4111 rure,
320 4038 403 4086 uineas
416 4054 498 4101 apere.
530 4040 664 4088 l'olurdum
680 4038 701 4087 si
716 4054 762 4087 au·
803 4040 844 4088 rel
857 4042 972 4100 Aomrsti,
985 4051 1073 4106 putant
1091 4045 1209 4109 Scaliger,
1224 4047 1327 4108 sanson,

241 4100 304 4157 duaa,
319 4102 598 4153 rineaehicsuntsossae
609 4112 762 4166 toctae‚quu·
806 4105 1159 4166 Heduvaleriuncollarius.
1189 4112 1327 4161 Aetli’Au·

240 4166 279 4214 lea
290 4164 367 4213 hodie
380 4165 497 4217 dicuntur
509 4167 634 4217 tranantes
643 4178 762 4218 camertes
804 4170 865 4218 ville
876 4178 933 4219 ante
943 4174 993 4221 duo
1004 4182 1029 4221 et
1037 4177 1106 4239 quod
1112 4177 1222 4225 excurrit
1235 4178 1327 4229 saecula

240 4230 271 4280 de
286 4232 367 4288 dalea
383 4230 605 4294 ,Laafiepobeu..v.
620 4248 665 4280 sou
685 4232 761 4281 Corn-
805 4234 897 4297 prope'
914 4237 998 4287 vicum
1027 4240 1137 4293 Breteuil
1164 4242 1190 4291 in
1217 4244 1329 4307 paroecia

241 4304 317 4345 ment.
329 4310 372 4347 rur
386 4296 494 4361 Polybe‚
509 4304 528 4345 t.
540 4302 564 4345 2.
572 4306 618 4347 art.
629 4300 654 4345 9.
666 4312 692 4361 p.
705 4300 761 4347 lor.
809 4300 1329 4372 Vaudeuilsuperfuissereatigiaurbiarub
