2909 4809
449 257 538 332 ΠΒ.
559 257 607 330 ll.
651 259 755 332 cAP.
781 260 917 329 14-16.
1165 261 1228 334 321

129 471 190 539 per
201 447 307 516 scelus
320 448 450 517 violetis
460 473 550 516 suem
572 451 731 517 virtutem
746 451 857 517 inrisui
884 451 954 518 fore
980 450 1228 540 perdoluerunt‚

129 535 234 624 quod,
249 536 336 604 unde
350 561 452 626 agger
465 538 594 604 omnino
620 539 808 627 conportari
829 552 948 626 posset,
970 537 1049 602 nihil
1071 554 1142 606 erat
1155 543 1229 608 reli·
1281 597 1288 616 ,

130 645 249 724 quum:
271 623 421 692 omnibus
446 624 619 690 arboribus
644 624 742 713 longe
765 626 895 712 lateque
922 625 954 690 in
977 623 1095 690 finibus
1117 628 1230 694 Massi-

127 709 275 777 bensium
288 711 400 778 excisio
422 722 457 776 et
471 711 643 788 convectio,
670 723 695 752 ‘⁴
710 735 863 800 aggerem
887 712 961 776 novi
984 714 1110 802 generis
1128 728 1229 802 atque

95 803 101 808 '
128 807 151 842 ⁴⁶
166 797 351 864 inauditum
363 811 404 864 ex
419 797 567 863 lateritiis
581 798 709 864 duobus
722 799 836 874 muris,
863 821 974 864 senum
989 799 1106 887 pedum
1119 803 1229 867 craesi·

126 893 151 926 “
166 884 293 978 tudine,
308 898 409 972 etque
424 907 536 950 eorum
546 906 715 950 murorum
730 885 1000 973 contignationem
1015 885 1119 950 fucere
1140 887 1228 954 insti·

127 982 151 1013 ‘⁶
166 982 317 1048 tnerunt,
338 993 431 1060 reque
457 971 526 1038 fere
551 971 737 1047 latitudine,
760 985 860 1059 atque
882 971 937 1037 ille
963 973 1171 1060 congestitins
1186 997 1227 1041 ex

125 1068 151 1102 ⁴⁴
166 1059 303 1124 materia
324 1057 431 1124 lueret
453 1080 566 1159 agger.
612 1058 682 1124 Ubi
696 1059 912 1148 eutspatium
933 1057 1018 1124 inter
1032 1081 1153 1135 muros,
1168 1075 1228 1128 aut

126 1155 150 1189 ‘⁴
164 1143 362 1211 inbecillitas
375 1156 517 1210 matenae
531 1145 696 1233 postulare
711 1144 892 1220 videretur,
923 1145 998 1234 pilae
1014 1145 1226 1236 interponun-

126 1243 150 1274 “
165 1244 235 1308 tur,
256 1231 486 1299 transversario
509 1233 533 1296 ti
559 1253 600 1297 na
619 1231 821 1320 injiciuntur,
845 1255 918 1318 quae
941 1231 1141 1300 firmamento
1161 1257 1226 1301 esse

125 1330 150 1362 “
165 1318 309 1406 pomint:
333 1332 379 1398 et,
392 1256 558 1406 quidquid
564 1329 613 1384 est
633 1318 870 1406 contignatum,
894 1319 1039 1385 cratibus
1054 1322 1228 1388 consterni-

126 1417 149 1449 “
165 1418 223 1470 tur
235 1417 407 1493 cratesque
420 1405 493 1472 luto
507 1405 731 1470 inoeouuturss’
777 1406 849 1471 Sub
864 1419 951 1470 tecto
966 1407 1069 1480 miles,
1094 1405 1227 1474 dextere

123 1516 163 1560 sc
175 1477 306 1560 sinistre
318 1500 413 1558 inuro
427 1504 543 1572 tectur,
558 1461 708 1558 adversor
732 1491 837 1581 plutei
855 1492 998 1580 objectu,
1025 1492 1117 1582 operi
1139 1519 1227 1583 quae-

123 1601 263 1666 cumque
288 1579 360 1646 usui
387 1591 476 1654 sunt,
501 1579 569 1646 eine
593 1577 738 1668 periculo
761 1578 945 1667 subportat.
992 1579 1153 1646 Celeriter
1171 1605 1223 1648 ree

123 1666 388 1735 administratur:
410 1665 557 1732 diuturni
583 1665 705 1730 laboris
725 1664 954 1730 detrimentum
968 1665 1099 1730 solertia
1111 1679 1145 1732 et
1159 1669 1227 1734 vir-

124 1765 199 1820 tute
218 1752 359 1819 militum
373 1753 468 1819 brevi
483 1753 747 1820 reconcinnetur:
772 1765 886 1840 portae,
909 1749 1030 1838 quibus
1044 1751 1122 1818 locis
1137 1755 1227 1821 ride·

123 1851 194 1916 tur,
208 1839 389 1928 eruptionis
402 1863 511 1909 course
524 1840 557 1906 in
571 1861 666 1905 muro
680 1839 921 1926 relinquuntur.

169 1925 221 1990 16.
246 1925 344 2003 Quod
374 1927 432 1993 ubi
458 1925 564 1992 hostes
593 1925 758 2002 viderunt,
788 1947 837 2000 ee,
865 1947 939 2012 quae
968 1923 1027 1990 diu
1057 1923 1225 2013 longoque

124 2013 334 2103 spetiorelici
344 2035 409 2080 non
424 2036 516 2102 posse
530 2024 721 2102 spernerent,
734 2061 738 2074 .
781 2034 916 2078 ucorum
937 2009 1063 2077 dierum
1076 2035 1176 2111 opera
1190 2025 1226 2078 et

121 2097 443 2175 leboreitarefecta,
470 2113 508 2168 ut
528 2099 637 2166 nullus
652 2099 734 2200 perfi
759 2101 796 2164 iae
817 2121 921 2187 neque
950 2098 1115 2186 eruptioni
1136 2098 1225 2164 locun

123 2200 218 2263 esset,
244 2209 350 2274 neque
374 2187 554 2289 quidquem
576 2209 707 2254 ommno
733 2185 986 2274 relinqueretur,
1014 2207 1079 2271 quo
1106 2197 1164 2252 aut
1190 2187 1224 2251 vi

122 2274 293 2352 militibus,
306 2286 366 2340 aut
378 2275 445 2363 igni
457 2274 610 2363 operibns
624 2273 735 2362 noceri
748 2286 872 2373 posset3
888 2271 1065 2360 eodemque
1075 2273 1223 2360 exemplo

121 2362 279 2437 sentiunt,
302 2373 405 2426 totam
419 2361 629 2450 urbemque
650 2361 694 2427 sit
707 2361 814 2426 aditus
835 2360 878 2424 ab
889 2372 994 2446 terra,
1016 2381 1111 2424 muro
1127 2360 1226 2425 turri-

122 2447 250 2600 busqpe
263 2447 427 2514 circumiri
439 2471 542 2537 poene,
565 2449 622 2524 sic,
647 2459 686 2512 ut
699 2446 777 2536 ipeie
790 2444 983 2518 consistendi
998 2444 1030 2508 in
1045 2444 1109 2512 suis
1123 2446 1225 2510 muni-

122 2535 206 2600 tiom
231 2559 269 2600 us
282 2535 372 2600 locus
386 2557 451 2600 non
462 2547 556 2611 esset,
596 2558 673 2598 uum
688 2556 779 2622 paene
802 2531 992 2598 inaedificata
1017 2533 1049 2596 in
1066 2532 1166 2596 muris
1179 2533 1223 2598 ab

121 2621 269 2688 exercitu
281 2634 392 2688 nostro
405 2621 522 2686 moenie
535 2559 725 2686 viderentur
740 2643 777 2684 ac
790 2619 856 2684 tela
866 2642 963 2683 manu
973 2617 1222 2706 conjicerentur,

122 2729 319 2795 snommqne
334 2720 572 2784 tormentorum
586 2731 691 2781 usum,
715 2705 835 2792 quibus
850 2705 912 2792 ipsi
935 2725 1052 2790 magne
1067 2705 1223 2792 speravis-

120 2808 206 2871 rent,
230 2794 337 2884 spatio
384 2795 479 2883 ropin
503 2794 614 2859 nitetis
643 2793 796 2865 interire;
821 2791 958 2880 parique
981 2788 1164 2855 conditione
1178 2813 1222 2858 ex

121 2903 218 2947 muro
231 2905 269 2948 ac
283 2885 370 2948 turri
394 2905 432 2947 ns
451 2881 492 2946 be
536 2881 591 2946 ndi
614 2879 703 2956 data,
726 2879 851 2946 virtute
866 2901 898 2942 ee
913 2874 1030 2941 nostris
1050 2875 1219 2964 adaequare

159 3093 314 3146 medere
347 3095 436 3146 Plures
453 3095 649 3144 moluntaltr‘tu·
695 3087 961 3141 docueratCellnrius.
993 3089 1020 3138 si
1037 3105 1097 3154 ergo
1115 3095 1220 3144 ruinosa

123 3157 192 3210 dere.
208 3161 248 3209 M.
692 3159 870 3206 reconcinnare
886 3153 986 3215 dicitur,
1003 3155 1054 3204 dici
1071 3155 1151 3205 etiem
1173 3173 1220 3220 po-

158 3227 334 3290 Ccnqertr'tr'us.
351 3223 646 3276 SicOnd.beneecodd.
694 3231 743 3270 test
763 3223 941 3272 denmmn
958 3223 1139 3280 reconcimtari,
1158 3222 1219 3285 quta

126 3287 213 3354 Vulgo
222 3300 358 3356 conpertus
695 3286 876 3335 detrimentum
896 3285 921 3333 h.
941 3285 959 3334 l.
975 3291 1014 3333 est
1028 3285 1220 3346 detrimentum,

159 3356 212 3404 Aur
237 3359 357 3420 spatium.
389 3354 532 3419 [regebatur
553 3359 647 3410 aurem,
694 3349 985 3415 ruiuceoceptum(den
998 3350 1221 3400 Sclrcdenamber·
1301 3353 1303 3356 ’

125 3421 171 3469 sed
182 3436 199 3468 e
209 3421 285 3470 codd.
295 3430 322 3468 et
331 3422 388 3470 edd.
401 3429 452 3470 vet.
462 3417 647 3469 emendandum
693 3420 774 3473 rem).
790 3418 828 3464 Μ.
862 3416 928 3464 Scel.
941 3416 994 3479 jem
1007 3415 1085 3464 hebet
1095 3419 1220 3464 reconcin-

122 3485 342 3536 mitet-rrius.
357 3485 554 3536 ConteritOnd.
693 3489 781 3533 notter.
807 3481 837 3528 'ri
852 3482 1028 3530 reconciliatur
1044 3479 1219 3543 metaphoram

155 3551 235 3600 um
253 3557 338 3600 ectus.
373 3549 403 3598 Τι’
422 3559 498 3600 tectior
516 3549 647 3598 abundare
694 3547 774 3596 hebet
782 3545 816 3594 ab
825 3545 950 3594 amicitia.
1196 3565 1216 3576 «⁴

124 3613 215 3665 statuit
224 3613 362 3666 Mnrclnud.
370 3633 395 3680 p.
405 3619 463 3665 268.
482 3615 575 3664 Verum
584 3625 647 3662 cou-
730 3611 800 3666 Quod
809 3611 862 3659 ubi.
872 3610 945 3660 leid.
956 3615 980 3657 2.
1000 3610 1050 3658 Sed
1057 3611 1107 3659 ubi.
1121 3607 1216 3662 Verum

121 3679 292 3730 mnesthei
312 3682 386 3730 codd.
412 3679 568 3730 abundantia
594 3691 646 3726 non
776 3690 953 3738 nonnunquam
975 3675 1081 3722 eandem
1098 3672 1149 3724 rim
1170 3675 1218 3726 ha·

122 3752 210 3796 nocet·
242 3745 292 3795 Pro
308 3747 354 3795 πώ
372 3753 436 3796 tecta
452 3745 499 3796 elii
515 3745 563 3794 eut
574 3749 647 3802 ecto,
730 3749 750 3801 t,
761 3739 1054 3790 utnotutltlcuut.udh.
1066 3739 1083 3787 l.

123 3811 196 3876 quod
209 3809 419 3874 plocetGrntero.
726 3807 945 3855 Aditmoebtma.
977 3803 1046 3852 Male
1057 3813 1116 3868 port
1133 3803 1219 3856 aditus

157 3875 294 3934 Admeto,
309 3875 424 3926 olronte.
441 3877 479 3924 Μ.
692 3871 792 3935 virgula
803 3871 907 3919 locetur.

158 3941 366 3991 metiamtur.
456 3951 480 3988 te
497 3940 557 3998 ltoc,
575 3935 648 4001 quis·
730 3939 875 3986 Circumiri.
892 3935 934 3984 Sic
945 3935 1021 3983 codd.
1042 3933 1217 3986 Artedd.vet.

122 4003 185 4070 quir
195 4005 280 4066 luerit,
290 4006 404 4070 reposuit
433 4021 460 4054 ro
471 4003 646 4054 vitioracodi·
692 4004 876 4058 circumveniri,
890 4000 959 4062 quod
968 3997 1066 4062 recepit
1075 3999 1176 4049 Clerke.

122 4070 647 4134 momninmlectione,qnaeestremn·
728 4068 805 4116 Peene
815 4063 1083 4124 inemo-meniu.
1116 4063 1216 4116 Moeuis

121 4137 237 4186 mar.
265 4135 332 4184 Nom
341 4133 646 4186 reconcirsnareinoedid-
694 4130 805 4180 bostium
823 4130 932 4179 lateritio
953 4131 989 4187 (c.
1016 4130 1056 4188 tr)
1078 4127 1113 4178 ita
1134 4146 1214 4194 prope

122 4200 206 4250 undo
231 4199 293 4265 poni
338 4217 366 4251 ro
394 4199 522 4258 resarcire,
542 4199 645 4248 relicere
694 4210 781 4245 muros
818 4194 889 4242 urbis
923 4193 1090 4244 Massiliensis
1122 4204 1217 4246 structe

123 4267 296 4330 conlrpn,e1
306 4217 404 4318 (liord
415 4265 466 4326 Qu.
475 4265 516 4315 Fr.
524 4270 549 4325 2,
560 4266 583 4313 ts.
591 4263 645 4328 jem
693 4267 775 4322 erent,
784 4269 813 4311 nt
823 4275 868 4310 eos
876 4259 928 4310 tere
937 4267 1072 4324 tangerent.
1090 4259 1127 4308 Μ.

1064 4335 1087 4388 Y
