<?xml version="1.0" encoding="UTF-8"?>
<!DOCTYPE html PUBLIC "-//W3C//DTD XHTML 1.0 Transitional//EN"
    "http://www.w3.org/TR/xhtml1/DTD/xhtml1-transitional.dtd">
<html xmlns="http://www.w3.org/1999/xhtml" xml:lang="en" lang="en">
 <head>
  <title>
</title>
<meta http-equiv="Content-Type" content="text/html;charset=utf-8" />
  <meta name='ocr-system' content='tesseract 3.04.00' />
  <meta name='ocr-capabilities' content='ocr_page ocr_carea ocr_par ocr_line ocrx_word'/>
</head>
<body>
  <div class='ocr_page' id='page_1' title='image "./cjuliicaesarisc00obergoog_0215.png"; bbox 0 0 2909 4809; ppageno 0'>
   <div class='ocr_carea' id='block_1_1' title="bbox 428 257 1234 358">
    <p class='ocr_par' dir='ltr' id='par_1_1' title="bbox 428 257 1234 358">
     <span class='ocr_line' id='line_1_1' title="bbox 428 257 1234 358; baseline -0.002 -25"><span class='ocrx_word' id='word_1_1' title='bbox 428 257 526 333; x_wconf 79' lang='lat' dir='ltr'><strong>nis.</strong></span> <span class='ocrx_word' id='word_1_2' title='bbox 551 259 631 331; x_wconf 88' lang='lat' dir='ltr'><strong>vn.</strong></span> <span class='ocrx_word' id='word_1_3' title='bbox 676 260 780 333; x_wconf 78' lang='lat' dir='ltr'><strong>cnr.</strong></span> <span class='ocrx_word' id='word_1_4' title='bbox 810 262 945 331; x_wconf 80' lang='lat' dir='ltr'><strong>n-sn</strong></span> <span class='ocrx_word' id='word_1_5' title='bbox 1052 352 1058 358; x_wconf 17' lang='lat'><strong>³</strong></span> <span class='ocrx_word' id='word_1_6' title='bbox 1175 257 1234 331; x_wconf 83' lang='lat' dir='ltr'><strong>nr</strong></span> 
     </span>
    </p>
   </div>
   <div class='ocr_carea' id='block_1_2' title="bbox 130 433 1313 3823">
    <p class='ocr_par' dir='ltr' id='par_1_2' title="bbox 131 433 1236 1045">
     <span class='ocr_line' id='line_1_2' title="bbox 136 433 1236 527; baseline 0.005 -29"><span class='ocrx_word' id='word_1_7' title='bbox 136 443 244 498; x_wconf 72' lang='lat' dir='ltr'><strong>mussa</strong></span> <span class='ocrx_word' id='word_1_8' title='bbox 258 456 298 499; x_wconf 88' lang='lat' dir='ltr'><strong>eo</strong></span> <span class='ocrx_word' id='word_1_9' title='bbox 310 433 506 523; x_wconf 84' lang='lat' dir='ltr'><strong>profectum,</strong></span> <span class='ocrx_word' id='word_1_10' title='bbox 519 460 587 527; x_wconf 91' lang='lat' dir='ltr'><strong>quo</strong></span> <span class='ocrx_word' id='word_1_11' title='bbox 601 447 727 503; x_wconf 85' lang='lat' dir='ltr'><strong>nostros</strong></span> <span class='ocrx_word' id='word_1_12' title='bbox 741 448 871 525; x_wconf 87' lang='lat' dir='ltr'><strong>postero</strong></span> <span class='ocrx_word' id='word_1_13' title='bbox 885 434 939 501; x_wconf 90' lang='lat' dir='ltr'><strong>die</strong></span> <span class='ocrx_word' id='word_1_14' title='bbox 954 434 1145 525; x_wconf 80' lang='lat' dir='ltr'><strong>pabulatum</strong></span> <span class='ocrx_word' id='word_1_15' title='bbox 1160 460 1236 504; x_wconf 57' lang='lat' dir='ltr'><strong>vena</strong></span> 
     </span>
     <span class='ocr_line' id='line_1_3' title="bbox 134 520 1235 611; baseline 0.008 -28"><span class='ocrx_word' id='word_1_16' title='bbox 134 530 226 594; x_wconf 80' lang='lat' dir='ltr'><strong>turos</strong></span> <span class='ocrx_word' id='word_1_17' title='bbox 252 520 480 589; x_wconf 81' lang='lat' dir='ltr'><strong>arbitraretur.</strong></span> <span class='ocrx_word' id='word_1_18' title='bbox 540 523 668 601; x_wconf 84' lang='lat' dir='ltr'><strong>Quibus</strong></span> <span class='ocrx_word' id='word_1_19' title='bbox 698 524 795 589; x_wconf 90' lang='lat' dir='ltr'><strong>rebus</strong></span> <span class='ocrx_word' id='word_1_20' title='bbox 823 523 971 611; x_wconf 75' lang='lat' dir='ltr'>cognitis,</span> <span class='ocrx_word' id='word_1_21' title='bbox 1005 523 1110 589; x_wconf 90' lang='lat' dir='ltr'><strong>media</strong></span> <span class='ocrx_word' id='word_1_22' title='bbox 1139 539 1235 591; x_wconf 87' lang='lat' dir='ltr'><strong>nocte</strong></span> 
     </span>
     <span class='ocr_line' id='line_1_4' title="bbox 131 605 1234 698; baseline 0.006 -28"><span class='ocrx_word' id='word_1_23' title='bbox 131 605 263 673; x_wconf 88' lang='lat' dir='ltr'><strong>silentio</strong></span> <span class='ocrx_word' id='word_1_24' title='bbox 285 610 463 695; x_wconf 85' lang='lat' dir='ltr'><strong>profectus,</strong></span> <span class='ocrx_word' id='word_1_25' title='bbox 489 609 533 677; x_wconf 89' lang='lat' dir='ltr'><strong>ad</strong></span> <span class='ocrx_word' id='word_1_26' title='bbox 554 610 694 677; x_wconf 87' lang='lat' dir='ltr'><strong>hostiurn</strong></span> <span class='ocrx_word' id='word_1_27' title='bbox 720 623 825 677; x_wconf 85' lang='lat' dir='ltr'><strong>castre</strong></span> <span class='ocrx_word' id='word_1_28' title='bbox 846 633 937 675; x_wconf 87' lang='lat' dir='ltr'><strong>mane</strong></span> <span class='ocrx_word' id='word_1_29' title='bbox 964 611 1120 698; x_wconf 88' lang='lat' dir='ltr'><strong>pervenit.</strong></span> <span class='ocrx_word' id='word_1_30' title='bbox 1168 612 1234 688; x_wconf 89' lang='lat' dir='ltr'><strong>Illi,</strong></span> 
     </span>
     <span class='ocr_line' id='line_1_5' title="bbox 132 690 1234 785; baseline 0.008 -28"><span class='ocrx_word' id='word_1_31' title='bbox 132 690 287 759; x_wconf 74' lang='lat' dir='ltr'><strong>celeriter</strong></span> <span class='ocrx_word' id='word_1_32' title='bbox 301 718 360 783; x_wconf 87' lang='lat' dir='ltr'><strong>per</strong></span> <span class='ocrx_word' id='word_1_33' title='bbox 375 698 597 785; x_wconf 81' lang='lat' dir='ltr'><strong>exploratores</strong></span> <span class='ocrx_word' id='word_1_34' title='bbox 609 698 752 763; x_wconf 83' lang='lat' dir='ltr'><strong>adventu</strong></span> <span class='ocrx_word' id='word_1_35' title='bbox 766 698 899 763; x_wconf 68' lang='lat' dir='ltr'><strong>cesaris</strong></span> <span class='ocrx_word' id='word_1_36' title='bbox 911 697 1054 784; x_wconf 85' lang='lat' dir='ltr'><strong>cognito,</strong></span> <span class='ocrx_word' id='word_1_37' title='bbox 1066 720 1175 763; x_wconf 89' lang='lat' dir='ltr'><strong>carros</strong></span> <span class='ocrx_word' id='word_1_38' title='bbox 1188 700 1234 766; x_wconf 90' lang='lat' dir='ltr'><strong>in·</strong></span> 
     </span>
     <span class='ocr_line' id='line_1_6' title="bbox 132 779 1235 881; baseline 0.006 -37"><span class='ocrx_word' id='word_1_39' title='bbox 132 779 383 881; x_wconf 85' lang='lat' dir='ltr'><strong>pedimentaque</strong></span> <span class='ocrx_word' id='word_1_40' title='bbox 397 808 455 849; x_wconf 89' lang='lat' dir='ltr'><strong>sua</strong></span> <span class='ocrx_word' id='word_1_41' title='bbox 469 782 501 849; x_wconf 92' lang='lat' dir='ltr'><strong>in</strong></span> <span class='ocrx_word' id='word_1_42' title='bbox 516 784 653 851; x_wconf 82' lang='lat' dir='ltr'><strong>artiores</strong></span> <span class='ocrx_word' id='word_1_43' title='bbox 665 782 761 849; x_wconf 86' lang='lat' dir='ltr'><strong>silvas</strong></span> <span class='ocrx_word' id='word_1_44' title='bbox 775 782 981 859; x_wconf 87' lang='lat' dir='ltr'><strong>abdiderunt,</strong></span> <span class='ocrx_word' id='word_1_45' title='bbox 1004 783 1111 871; x_wconf 88' lang='lat' dir='ltr'><strong>copias</strong></span> <span class='ocrx_word' id='word_1_46' title='bbox 1134 786 1235 872; x_wconf 84' lang='lat' dir='ltr'><strong>omnis</strong></span> 
     </span>
     <span class='ocr_line' id='line_1_7' title="bbox 131 866 1234 1019; baseline 0.007 -88"><span class='ocrx_word' id='word_1_47' title='bbox 131 890 166 933; x_wconf 87' lang='lat' dir='ltr'><strong>m</strong></span> <span class='ocrx_word' id='word_1_48' title='bbox 182 866 256 933; x_wconf 92' lang='lat' dir='ltr'><strong>loco</strong></span> <span class='ocrx_word' id='word_1_49' title='bbox 275 882 390 1019; x_wconf 84' lang='lat' dir='ltr'><strong>aperto</strong></span> <span class='ocrx_word' id='word_1_50' title='bbox 404 884 504 960; x_wconf 88' lang='lat' dir='ltr'><strong>atque</strong></span> <span class='ocrx_word' id='word_1_51' title='bbox 523 870 612 937; x_wconf 88' lang='lat' dir='ltr'><strong>edito</strong></span> <span class='ocrx_word' id='word_1_52' title='bbox 637 872 871 937; x_wconf 84' lang='lat' dir='ltr'><strong>instruxerunt.</strong></span> <span class='ocrx_word' id='word_1_53' title='bbox 918 870 992 945; x_wconf 87' lang='lat' dir='ltr'><strong>Qua</strong></span> <span class='ocrx_word' id='word_1_54' title='bbox 1016 894 1051 935; x_wconf 90' lang='lat' dir='ltr'><strong>re</strong></span> <span class='ocrx_word' id='word_1_55' title='bbox 1072 871 1234 951; x_wconf 87' lang='lat' dir='ltr'><strong>nunciata,</strong></span> 
     </span>
     <span class='ocr_line' id='line_1_8' title="bbox 135 953 1110 1045; baseline 0 -26"><span class='ocrx_word' id='word_1_56' title='bbox 135 953 245 1021; x_wconf 66' lang='lat' dir='ltr'><strong>Cmar</strong></span> <span class='ocrx_word' id='word_1_57' title='bbox 260 977 297 1020; x_wconf 89' lang='lat' dir='ltr'><strong>cc</strong></span> <span class='ocrx_word' id='word_1_58' title='bbox 310 956 409 1022; x_wconf 86' lang='lat' dir='ltr'><strong>eriter</strong></span> <span class='ocrx_word' id='word_1_59' title='bbox 424 957 563 1023; x_wconf 87' lang='lat' dir='ltr'><strong>sarcinas</strong></span> <span class='ocrx_word' id='word_1_60' title='bbox 575 958 728 1033; x_wconf 84' lang='lat' dir='ltr'><strong>conferri,</strong></span> <span class='ocrx_word' id='word_1_61' title='bbox 744 981 832 1023; x_wconf 89' lang='lat' dir='ltr'><strong>arma</strong></span> <span class='ocrx_word' id='word_1_62' title='bbox 847 956 994 1043; x_wconf 84' lang='lat' dir='ltr'><strong>expediri</strong></span> <span class='ocrx_word' id='word_1_63' title='bbox 1005 957 1110 1045; x_wconf 86' lang='lat' dir='ltr'><strong>jussit.</strong></span> 
     </span>
    </p>

    <p class='ocr_par' dir='ltr' id='par_1_3' title="bbox 130 1040 1313 3823">
     <span class='ocr_line' id='line_1_9' title="bbox 182 1040 1235 1117; baseline 0.006 -13"><span class='ocrx_word' id='word_1_64' title='bbox 182 1040 234 1105; x_wconf 89' lang='lat'><strong>19.</strong></span> <span class='ocrx_word' id='word_1_65' title='bbox 260 1040 362 1107; x_wconf 86' lang='lat' dir='ltr'><strong>Collis</strong></span> <span class='ocrx_word' id='word_1_66' title='bbox 383 1055 465 1117; x_wconf 90' lang='lat' dir='ltr'><strong>erat,</strong></span> <span class='ocrx_word' id='word_1_67' title='bbox 488 1042 605 1111; x_wconf 86' lang='lat' dir='ltr'><strong>leniter</strong></span> <span class='ocrx_word' id='word_1_68' title='bbox 625 1044 668 1111; x_wconf 86' lang='lat' dir='ltr'><strong>ab</strong></span> <span class='ocrx_word' id='word_1_69' title='bbox 687 1043 796 1109; x_wconf 90' lang='lat' dir='ltr'><strong>infimo</strong></span> <span class='ocrx_word' id='word_1_70' title='bbox 810 1044 959 1109; x_wconf 81' lang='lat' dir='ltr'><strong>adclivis:</strong></span> <span class='ocrx_word' id='word_1_71' title='bbox 985 1043 1121 1109; x_wconf 85' lang='lat' dir='ltr'><strong>huncex</strong></span> <span class='ocrx_word' id='word_1_72' title='bbox 1135 1044 1235 1111; x_wconf 88' lang='lat' dir='ltr'><strong>omni·</strong></span> 
     </span>
     <span class='ocr_line' id='line_1_10' title="bbox 130 1126 1237 1219; baseline 0.004 -26"><span class='ocrx_word' id='word_1_73' title='bbox 130 1126 193 1193; x_wconf 91' lang='lat' dir='ltr'><strong>bus</strong></span> <span class='ocrx_word' id='word_1_74' title='bbox 207 1127 277 1193; x_wconf 85' lang='lat' dir='ltr'><strong>fere</strong></span> <span class='ocrx_word' id='word_1_75' title='bbox 335 1128 441 1196; x_wconf 87' lang='lat' dir='ltr'><strong>rtibus</strong></span> <span class='ocrx_word' id='word_1_76' title='bbox 456 1130 551 1218; x_wconf 90' lang='lat' dir='ltr'><strong>palus</strong></span> <span class='ocrx_word' id='word_1_77' title='bbox 564 1131 703 1197; x_wconf 89' lang='lat' dir='ltr'><strong>difficilis</strong></span> <span class='ocrx_word' id='word_1_78' title='bbox 716 1143 816 1219; x_wconf 89' lang='lat' dir='ltr'><strong>atque</strong></span> <span class='ocrx_word' id='word_1_79' title='bbox 832 1130 977 1219; x_wconf 85' lang='lat' dir='ltr'><strong>inpedita</strong></span> <span class='ocrx_word' id='word_1_80' title='bbox 991 1130 1042 1195; x_wconf 93' lang='lat' dir='ltr'><strong>cin</strong></span> <span class='ocrx_word' id='word_1_81' title='bbox 1067 1132 1156 1207; x_wconf 91' lang='lat' dir='ltr'><strong>ebat,</strong></span> <span class='ocrx_word' id='word_1_82' title='bbox 1171 1154 1237 1199; x_wconf 89' lang='lat' dir='ltr'><strong>non</strong></span> 
     </span>
     <span class='ocr_line' id='line_1_11' title="bbox 132 1154 1235 1317; baseline 0.004 -38"><span class='ocrx_word' id='word_1_83' title='bbox 132 1210 233 1281; x_wconf 87' lang='lat' dir='ltr'><strong>latior</strong></span> <span class='ocrx_word' id='word_1_84' title='bbox 313 1214 385 1281; x_wconf 90' lang='lat' dir='ltr'><strong>&#39;bus</strong></span> <span class='ocrx_word' id='word_1_85' title='bbox 405 1215 444 1281; x_wconf 87' lang='lat' dir='ltr'><strong>L.</strong></span> <span class='ocrx_word' id='word_1_86' title='bbox 469 1216 542 1283; x_wconf 91' lang='lat' dir='ltr'><strong>Hoc</strong></span> <span class='ocrx_word' id='word_1_87' title='bbox 563 1242 596 1283; x_wconf 88' lang='lat' dir='ltr'><strong>se</strong></span> <span class='ocrx_word' id='word_1_88' title='bbox 619 1217 714 1293; x_wconf 85' lang='lat' dir='ltr'><strong>colle,</strong></span> <span class='ocrx_word' id='word_1_89' title='bbox 740 1218 931 1317; x_wconf 76' lang='lat' dir='ltr'><strong>interruptis</strong></span> <span class='ocrx_word' id='word_1_90' title='bbox 952 1154 1117 1305; x_wconf 73' lang='lat' dir='ltr'><strong>pontibus,</strong></span> <span class='ocrx_word' id='word_1_91' title='bbox 1146 1218 1235 1283; x_wconf 89' lang='lat' dir='ltr'><strong>Galli</strong></span> 
     </span>
     <span class='ocr_line' id='line_1_12' title="bbox 131 1298 1233 1395; baseline 0.005 -30"><span class='ocrx_word' id='word_1_92' title='bbox 131 1298 254 1367; x_wconf 85' lang='lat' dir='ltr'><strong>fiducia</strong></span> <span class='ocrx_word' id='word_1_93' title='bbox 268 1300 332 1367; x_wconf 91' lang='lat' dir='ltr'><strong>loci</strong></span> <span class='ocrx_word' id='word_1_94' title='bbox 346 1303 568 1381; x_wconf 83' lang='lat' dir='ltr'><strong>continebant,</strong></span> <span class='ocrx_word' id='word_1_95' title='bbox 584 1304 826 1395; x_wconf 77' lang='lat' dir='ltr'><strong>generatimque</strong></span> <span class='ocrx_word' id='word_1_96' title='bbox 839 1304 1005 1371; x_wconf 79' lang='lat' dir='ltr'><strong>distributi</strong></span> <span class='ocrx_word' id='word_1_97' title='bbox 1023 1304 1055 1369; x_wconf 92' lang='lat' dir='ltr'><strong>in</strong></span> <span class='ocrx_word' id='word_1_98' title='bbox 1073 1304 1233 1382; x_wconf 63' lang='lat' dir='ltr'><strong>civitatem</strong></span> 
     </span>
     <span class='ocr_line' id='line_1_13' title="bbox 131 1386 1233 1481; baseline 0.005 -28"><span class='ocrx_word' id='word_1_99' title='bbox 131 1386 243 1469; x_wconf 78' lang='lat' dir='ltr'><strong>omnia</strong></span> <span class='ocrx_word' id='word_1_100' title='bbox 256 1388 340 1453; x_wconf 87' lang='lat' dir='ltr'><strong>vada</strong></span> <span class='ocrx_word' id='word_1_101' title='bbox 354 1414 392 1455; x_wconf 88' lang='lat' dir='ltr'><strong>ac</strong></span> <span class='ocrx_word' id='word_1_102' title='bbox 406 1389 507 1457; x_wconf 89' lang='lat' dir='ltr'><strong>saltus</strong></span> <span class='ocrx_word' id='word_1_103' title='bbox 527 1392 596 1481; x_wconf 81' lang='lat' dir='ltr'><strong>ejus</strong></span> <span class='ocrx_word' id='word_1_104' title='bbox 608 1390 736 1481; x_wconf 86' lang='lat' dir='ltr'><strong>paludis</strong></span> <span class='ocrx_word' id='word_1_105' title='bbox 752 1390 847 1457; x_wconf 88' lang='lat' dir='ltr'><strong>certis</strong></span> <span class='ocrx_word' id='word_1_106' title='bbox 861 1390 1015 1455; x_wconf 85' lang='lat' dir='ltr'><strong>custodiis</strong></span> <span class='ocrx_word' id='word_1_107' title='bbox 1029 1391 1233 1477; x_wconf 71' lang='lat' dir='ltr'><strong>obtinebant,</strong></span> 
     </span>
     <span class='ocr_line' id='line_1_14' title="bbox 131 1473 1235 1567; baseline 0.005 -26"><span class='ocrx_word' id='word_1_108' title='bbox 131 1473 177 1541; x_wconf 87' lang='lat' dir='ltr'><strong>sic</strong></span> <span class='ocrx_word' id='word_1_109' title='bbox 199 1476 308 1541; x_wconf 89' lang='lat' dir='ltr'><strong>animo</strong></span> <span class='ocrx_word' id='word_1_110' title='bbox 333 1476 454 1564; x_wconf 87' lang='lat' dir='ltr'><strong>parati,</strong></span> <span class='ocrx_word' id='word_1_111' title='bbox 475 1490 526 1553; x_wconf 87' lang='lat' dir='ltr'><strong>ut,</strong></span> <span class='ocrx_word' id='word_1_112' title='bbox 549 1478 575 1543; x_wconf 94' lang='lat' dir='ltr'><strong>si</strong></span> <span class='ocrx_word' id='word_1_113' title='bbox 595 1502 667 1545; x_wconf 88' lang='lat' dir='ltr'><strong>eam</strong></span> <span class='ocrx_word' id='word_1_114' title='bbox 686 1476 840 1567; x_wconf 85' lang='lat' dir='ltr'><strong>paludem</strong></span> <span class='ocrx_word' id='word_1_115' title='bbox 863 1474 999 1541; x_wconf 84' lang='lat' dir='ltr'><strong>Romani</strong></span> <span class='ocrx_word' id='word_1_116' title='bbox 1020 1500 1235 1567; x_wconf 82' lang='lat' dir='ltr'><strong>perrumpere</strong></span> 
     </span>
     <span class='ocr_line' id='line_1_15' title="bbox 131 1562 1233 1655; baseline 0.005 -28"><span class='ocrx_word' id='word_1_117' title='bbox 131 1574 341 1639; x_wconf 71' lang='lat' dir='ltr'><strong>conarentur,</strong></span> <span class='ocrx_word' id='word_1_118' title='bbox 356 1562 538 1631; x_wconf 78' lang='lat' dir='ltr'><strong>baesitantes</strong></span> <span class='ocrx_word' id='word_1_119' title='bbox 577 1578 736 1631; x_wconf 84' lang='lat' dir='ltr'><strong>remerent</strong></span> <span class='ocrx_word' id='word_1_120' title='bbox 752 1588 791 1629; x_wconf 89' lang='lat' dir='ltr'><strong>ex</strong></span> <span class='ocrx_word' id='word_1_121' title='bbox 805 1563 877 1630; x_wconf 91' lang='lat' dir='ltr'><strong>loco</strong></span> <span class='ocrx_word' id='word_1_122' title='bbox 891 1562 1076 1652; x_wconf 80' lang='lat' dir='ltr'><strong>superiore:</strong></span> <span class='ocrx_word' id='word_1_123' title='bbox 1105 1578 1155 1641; x_wconf 87' lang='lat' dir='ltr'><strong>ut,</strong></span> <span class='ocrx_word' id='word_1_124' title='bbox 1175 1566 1233 1655; x_wconf 90' lang='lat' dir='ltr'><strong>qui</strong></span> 
     </span>
     <span class='ocr_line' id='line_1_16' title="bbox 130 1588 1281 1801; baseline 0.007 -88"><span class='ocrx_word' id='word_1_125' title='bbox 130 1649 412 1801; x_wconf 54' lang='lat' dir='ltr'><strong>ppppinquitatem</strong></span> <span class='ocrx_word' id='word_1_126' title='bbox 434 1651 496 1717; x_wconf 88' lang='lat' dir='ltr'><strong>loci</strong></span> <span class='ocrx_word' id='word_1_127' title='bbox 519 1588 657 1727; x_wconf 73' lang='lat' dir='ltr'><strong>videret,</strong></span> <span class='ocrx_word' id='word_1_128' title='bbox 680 1664 810 1753; x_wconf 86' lang='lat' dir='ltr'><strong>paratos</strong></span> <span class='ocrx_word' id='word_1_129' title='bbox 835 1672 936 1739; x_wconf 89' lang='lat' dir='ltr'><strong>prope</strong></span> <span class='ocrx_word' id='word_1_130' title='bbox 956 1673 1050 1750; x_wconf 80' lang='lat' dir='ltr'><strong>ecquo</strong></span> <span class='ocrx_word' id='word_1_131' title='bbox 1066 1650 1177 1717; x_wconf 90' lang='lat' dir='ltr'><strong>Marte</strong></span> <span class='ocrx_word' id='word_1_132' title='bbox 1191 1650 1233 1719; x_wconf 87' lang='lat' dir='ltr'><strong>cd</strong></span> <span class='ocrx_word' id='word_1_133' title='bbox 1276 1718 1281 1721; x_wconf 88' lang='lat'>.</span> 
     </span>
     <span class='ocr_line' id='line_1_17' title="bbox 156 1735 1235 1838; baseline 0.005 -38"><span class='ocrx_word' id='word_1_134' title='bbox 156 1735 164 1751; x_wconf 86' lang='lat'>&#39;</span> <span class='ocrx_word' id='word_1_135' title='bbox 200 1735 349 1804; x_wconf 76' lang='lat' dir='ltr'><strong>reundum</strong></span> <span class='ocrx_word' id='word_1_136' title='bbox 364 1738 580 1813; x_wconf 86' lang='lat' dir='ltr'><strong>existimaret;</strong></span> <span class='ocrx_word' id='word_1_137' title='bbox 603 1738 660 1827; x_wconf 93' lang='lat' dir='ltr'><strong>qui</strong></span> <span class='ocrx_word' id='word_1_138' title='bbox 680 1738 885 1825; x_wconf 80' lang='lat' dir='ltr'><strong>iniquitatem</strong></span> <span class='ocrx_word' id='word_1_139' title='bbox 907 1737 1097 1802; x_wconf 80' lang='lat' dir='ltr'><strong>conditionis</strong></span> <span class='ocrx_word' id='word_1_140' title='bbox 1155 1740 1235 1838; x_wconf 85' lang='lat' dir='ltr'><strong>rspi-</strong></span> 
     </span>
     <span class='ocr_line' id='line_1_18' title="bbox 130 1761 1221 1917; baseline 0.004 -30"><span class='ocrx_word' id='word_1_141' title='bbox 130 1836 233 1898; x_wconf 89' lang='lat' dir='ltr'><strong>ceret,</strong></span> <span class='ocrx_word' id='word_1_142' title='bbox 255 1823 342 1889; x_wconf 90' lang='lat' dir='ltr'><strong>inani</strong></span> <span class='ocrx_word' id='word_1_143' title='bbox 363 1824 566 1893; x_wconf 77' lang='lat' dir='ltr'><strong>simulatione</strong></span> <span class='ocrx_word' id='word_1_144' title='bbox 586 1850 652 1891; x_wconf 89' lang='lat' dir='ltr'><strong>sese</strong></span> <span class='ocrx_word' id='word_1_145' title='bbox 673 1836 835 1917; x_wconf 62' lang='lat' dir='ltr'><strong>ostentam</strong></span> <span class='ocrx_word' id='word_1_146' title='bbox 859 1834 1074 1911; x_wconf 83' lang='lat' dir='ltr'><strong>cognosceret.</strong></span> <span class='ocrx_word' id='word_1_147' title='bbox 1112 1761 1221 1913; x_wconf 75' lang='lat' dir='ltr'><strong>Ilirdrg</strong></span> 
     </span>
     <span class='ocr_line' id='line_1_19' title="bbox 131 1909 1235 2014; baseline 0.005 -40"><span class='ocrx_word' id='word_1_148' title='bbox 131 1923 244 1975; x_wconf 84' lang='lat' dir='ltr'><strong>nautea</strong></span> <span class='ocrx_word' id='word_1_149' title='bbox 272 1910 389 1977; x_wconf 88' lang='lat' dir='ltr'><strong>milites</strong></span> <span class='ocrx_word' id='word_1_150' title='bbox 417 1910 536 1989; x_wconf 82' lang='lat' dir='ltr'><strong>Caesar,</strong></span> <span class='ocrx_word' id='word_1_151' title='bbox 562 1912 652 2014; x_wconf 76' lang='lat' dir='ltr'><strong>quod</strong></span> <span class='ocrx_word' id='word_1_152' title='bbox 677 1923 885 2000; x_wconf 88' lang='lat' dir='ltr'><strong>conspectum</strong></span> <span class='ocrx_word' id='word_1_153' title='bbox 906 1910 999 1975; x_wconf 84' lang='lat' dir='ltr'><strong>suum</strong></span> <span class='ocrx_word' id='word_1_154' title='bbox 1020 1909 1127 1975; x_wconf 86' lang='lat' dir='ltr'><strong>hostes</strong></span> <span class='ocrx_word' id='word_1_155' title='bbox 1148 1912 1235 1979; x_wconf 79' lang='lat' dir='ltr'><strong>ferre</strong></span> 
     </span>
     <span class='ocr_line' id='line_1_20' title="bbox 133 1996 1233 2099; baseline 0.002 -38"><span class='ocrx_word' id='word_1_156' title='bbox 133 2010 277 2086; x_wconf 86' lang='lat' dir='ltr'><strong>possent,</strong></span> <span class='ocrx_word' id='word_1_157' title='bbox 300 1997 427 2063; x_wconf 85' lang='lat' dir='ltr'><strong>tantulo</strong></span> <span class='ocrx_word' id='word_1_158' title='bbox 446 2000 552 2089; x_wconf 89' lang='lat' dir='ltr'><strong>spatio</strong></span> <span class='ocrx_word' id='word_1_159' title='bbox 577 1996 758 2098; x_wconf 76' lang='lat' dir='ltr'><strong>interjecto,</strong></span> <span class='ocrx_word' id='word_1_160' title='bbox 779 2010 813 2063; x_wconf 92' lang='lat' dir='ltr'><strong>et</strong></span> <span class='ocrx_word' id='word_1_161' title='bbox 835 1997 960 2084; x_wconf 86' lang='lat' dir='ltr'><strong>signnm</strong></span> <span class='ocrx_word' id='word_1_162' title='bbox 988 1997 1097 2085; x_wconf 85' lang='lat' dir='ltr'><strong>proelii</strong></span> <span class='ocrx_word' id='word_1_163' title='bbox 1121 2021 1233 2099; x_wconf 84' lang='lat' dir='ltr'><strong>expos-</strong></span> 
     </span>
     <span class='ocr_line' id='line_1_21' title="bbox 131 2082 1235 2173; baseline 0.005 -26"><span class='ocrx_word' id='word_1_164' title='bbox 131 2097 252 2160; x_wconf 85' lang='lat' dir='ltr'><strong>centes,</strong></span> <span class='ocrx_word' id='word_1_165' title='bbox 266 2082 393 2161; x_wconf 86' lang='lat' dir='ltr'><strong>edocet,</strong></span> <span class='ocrx_word' id='word_1_166' title='bbox 409 2096 431 2126; x_wconf 90' lang='lat'><strong>“</strong></span> <span class='ocrx_word' id='word_1_167' title='bbox 447 2099 570 2173; x_wconf 85' lang='lat' dir='ltr'><strong>quante</strong></span> <span class='ocrx_word' id='word_1_168' title='bbox 584 2086 781 2152; x_wconf 82' lang='lat' dir='ltr'><strong>detrimento</strong></span> <span class='ocrx_word' id='word_1_169' title='bbox 796 2094 829 2149; x_wconf 92' lang='lat' dir='ltr'><strong>et</strong></span> <span class='ocrx_word' id='word_1_170' title='bbox 841 2094 923 2173; x_wconf 87' lang='lat' dir='ltr'><strong>quot</strong></span> <span class='ocrx_word' id='word_1_171' title='bbox 937 2082 1082 2149; x_wconf 89' lang='lat' dir='ltr'><strong>virorum</strong></span> <span class='ocrx_word' id='word_1_172' title='bbox 1096 2084 1235 2152; x_wconf 81' lang='lat' dir='ltr'><strong>fortium</strong></span> 
     </span>
     <span class='ocr_line' id='line_1_22' title="bbox 132 2165 1235 2259; baseline 0.002 -24"><span class='ocrx_word' id='word_1_173' title='bbox 132 2180 155 2209; x_wconf 91' lang='lat'><strong>“</strong></span> <span class='ocrx_word' id='word_1_174' title='bbox 171 2180 278 2235; x_wconf 88' lang='lat' dir='ltr'><strong>morte</strong></span> <span class='ocrx_word' id='word_1_175' title='bbox 294 2194 418 2236; x_wconf 87' lang='lat' dir='ltr'><strong>necesse</strong></span> <span class='ocrx_word' id='word_1_176' title='bbox 429 2174 471 2238; x_wconf 87' lang='lat' dir='ltr'><strong>sit</strong></span> <span class='ocrx_word' id='word_1_177' title='bbox 484 2184 630 2239; x_wconf 79' lang='lat' dir='ltr'><strong>constare</strong></span> <span class='ocrx_word' id='word_1_178' title='bbox 645 2170 830 2237; x_wconf 86' lang='lat' dir='ltr'><strong>victoriam:</strong></span> <span class='ocrx_word' id='word_1_179' title='bbox 860 2194 941 2259; x_wconf 86' lang='lat' dir='ltr'><strong>quos</strong></span> <span class='ocrx_word' id='word_1_180' title='bbox 955 2193 1056 2258; x_wconf 91' lang='lat' dir='ltr'><strong>quum</strong></span> <span class='ocrx_word' id='word_1_181' title='bbox 1069 2165 1113 2236; x_wconf 90' lang='lat' dir='ltr'><strong>sic</strong></span> <span class='ocrx_word' id='word_1_182' title='bbox 1128 2173 1235 2237; x_wconf 86' lang='lat' dir='ltr'><strong>animo</strong></span> 
     </span>
     <span class='ocr_line' id='line_1_23' title="bbox 132 2254 1234 2345; baseline 0.002 -22"><span class='ocrx_word' id='word_1_183' title='bbox 132 2265 155 2296; x_wconf 90' lang='lat'><strong>“</strong></span> <span class='ocrx_word' id='word_1_184' title='bbox 172 2271 303 2345; x_wconf 85' lang='lat' dir='ltr'><strong>paratos</strong></span> <span class='ocrx_word' id='word_1_185' title='bbox 314 2256 435 2333; x_wconf 87' lang='lat' dir='ltr'><strong>videat,</strong></span> <span class='ocrx_word' id='word_1_186' title='bbox 448 2271 486 2323; x_wconf 91' lang='lat' dir='ltr'><strong>ut</strong></span> <span class='ocrx_word' id='word_1_187' title='bbox 495 2258 624 2326; x_wconf 91' lang='lat' dir='ltr'><strong>nullum</strong></span> <span class='ocrx_word' id='word_1_188' title='bbox 660 2280 697 2322; x_wconf 88' lang='lat' dir='ltr'><strong>ro</strong></span> <span class='ocrx_word' id='word_1_189' title='bbox 708 2282 766 2323; x_wconf 86' lang='lat' dir='ltr'><strong>sua</strong></span> <span class='ocrx_word' id='word_1_190' title='bbox 777 2254 873 2323; x_wconf 88' lang='lat' dir='ltr'><strong>laude</strong></span> <span class='ocrx_word' id='word_1_191' title='bbox 885 2256 1066 2345; x_wconf 88' lang='lat' dir='ltr'><strong>periculum</strong></span> <span class='ocrx_word' id='word_1_192' title='bbox 1075 2272 1234 2337; x_wconf 81' lang='lat' dir='ltr'><strong>recusent,</strong></span> 
     </span>
     <span class='ocr_line' id='line_1_24' title="bbox 133 2282 1313 2433; baseline 0.004 -25"><span class='ocrx_word' id='word_1_193' title='bbox 133 2354 155 2384; x_wconf 87' lang='lat'><strong>“</strong></span> <span class='ocrx_word' id='word_1_194' title='bbox 172 2366 302 2409; x_wconf 84' lang='lat' dir='ltr'><strong>snmmae</strong></span> <span class='ocrx_word' id='word_1_195' title='bbox 315 2368 348 2407; x_wconf 90' lang='lat' dir='ltr'><strong>se</strong></span> <span class='ocrx_word' id='word_1_196' title='bbox 361 2344 543 2433; x_wconf 83' lang='lat' dir='ltr'><strong>iniquitatis</strong></span> <span class='ocrx_word' id='word_1_197' title='bbox 561 2282 766 2410; x_wconf 67' lang='lat' dir='ltr'><strong>condimnari</strong></span> <span class='ocrx_word' id='word_1_198' title='bbox 780 2342 913 2418; x_wconf 88' lang='lat' dir='ltr'><strong>debere,</strong></span> <span class='ocrx_word' id='word_1_199' title='bbox 935 2343 994 2409; x_wconf 87' lang='lat' dir='ltr'><strong>nisi</strong></span> <span class='ocrx_word' id='word_1_200' title='bbox 1007 2367 1120 2409; x_wconf 86' lang='lat' dir='ltr'><strong>eorum</strong></span> <span class='ocrx_word' id='word_1_201' title='bbox 1135 2346 1236 2413; x_wconf 85' lang='lat' dir='ltr'><strong>vitam</strong></span> <span class='ocrx_word' id='word_1_202' title='bbox 1305 2398 1313 2419; x_wconf 82' lang='grc'><strong><em>,</em></strong></span> 
     </span>
     <span class='ocr_line' id='line_1_25' title="bbox 133 2429 1235 2507; baseline 0.004 -12"><span class='ocrx_word' id='word_1_203' title='bbox 133 2441 156 2470; x_wconf 83' lang='lat'><strong>·‘</strong></span> <span class='ocrx_word' id='word_1_204' title='bbox 172 2454 232 2495; x_wconf 86' lang='lat' dir='ltr'><strong>sua</strong></span> <span class='ocrx_word' id='word_1_205' title='bbox 245 2430 349 2495; x_wconf 88' lang='lat' dir='ltr'><strong>salute</strong></span> <span class='ocrx_word' id='word_1_206' title='bbox 364 2429 481 2497; x_wconf 87' lang='lat' dir='ltr'><strong>babeat</strong></span> <span class='ocrx_word' id='word_1_207' title='bbox 496 2431 683 2497; x_wconf 83' lang='lat' dir='ltr'><strong>cariorem.”</strong></span> <span class='ocrx_word' id='word_1_208' title='bbox 705 2430 769 2497; x_wconf 77' lang='lat' dir='ltr'><strong>stc</strong></span> <span class='ocrx_word' id='word_1_209' title='bbox 781 2430 900 2497; x_wconf 84' lang='lat' dir='ltr'><strong>milites</strong></span> <span class='ocrx_word' id='word_1_210' title='bbox 915 2430 1106 2507; x_wconf 88' lang='lat' dir='ltr'><strong>consolatus,</strong></span> <span class='ocrx_word' id='word_1_211' title='bbox 1121 2431 1235 2499; x_wconf 89' lang='lat' dir='ltr'><strong>eodem</strong></span> 
     </span>
     <span class='ocr_line' id='line_1_26' title="bbox 132 2516 1255 2607; baseline 0.002 -23"><span class='ocrx_word' id='word_1_212' title='bbox 132 2516 185 2584; x_wconf 91' lang='lat' dir='ltr'><strong>die</strong></span> <span class='ocrx_word' id='word_1_213' title='bbox 213 2516 341 2583; x_wconf 90' lang='lat' dir='ltr'><strong>reducit</strong></span> <span class='ocrx_word' id='word_1_214' title='bbox 364 2518 398 2582; x_wconf 93' lang='lat' dir='ltr'><strong>in</strong></span> <span class='ocrx_word' id='word_1_215' title='bbox 417 2530 547 2592; x_wconf 70' lang='lat' dir='ltr'><strong>castra:</strong></span> <span class='ocrx_word' id='word_1_216' title='bbox 571 2518 774 2607; x_wconf 89' lang='lat' dir='ltr'><strong>reliquaque,</strong></span> <span class='ocrx_word' id='word_1_217' title='bbox 799 2542 871 2605; x_wconf 82' lang='lat' dir='ltr'><strong>quae</strong></span> <span class='ocrx_word' id='word_1_218' title='bbox 893 2516 936 2583; x_wconf 90' lang='lat' dir='ltr'><strong>ad</strong></span> <span class='ocrx_word' id='word_1_219' title='bbox 959 2516 1255 2605; x_wconf 80' lang='lat' dir='ltr'><strong>obpugnationem</strong></span> 
     </span>
     <span class='ocr_line' id='line_1_27' title="bbox 132 2602 1221 2758; baseline 0.003 -3"><span class='ocrx_word' id='word_1_220' title='bbox 132 2602 246 2755; x_wconf 57' lang='lat' dir='ltr'><strong>opsslldi</strong></span> <span class='ocrx_word' id='word_1_221' title='bbox 289 2603 920 2757; x_wconf 47' lang='lat' dir='ltr'><strong>eildiebeatbiiidniiiidiiasdessiolibdliitsset</strong></span> <span class='ocrx_word' id='word_1_222' title='bbox 978 2688 1148 2757; x_wconf 81' lang='lat' dir='ltr'><strong>reditionis</strong></span> <span class='ocrx_word' id='word_1_223' title='bbox 1163 2692 1221 2758; x_wconf 89' lang='lat' dir='ltr'><strong>insi</strong></span> 
     </span>
     <span class='ocr_line' id='line_1_28' title="bbox 132 2712 1222 2867; baseline 0.002 -24"><span class='ocrx_word' id='word_1_224' title='bbox 132 2738 288 2851; x_wconf 66' lang='lat' dir='ltr'><strong>mulabus,</strong></span> <span class='ocrx_word' id='word_1_225' title='bbox 303 2715 399 2867; x_wconf 56' lang='lat' dir='ltr'><strong>quiid</strong></span> <span class='ocrx_word' id='word_1_226' title='bbox 408 2738 517 2845; x_wconf 50' lang='lat' dir='ltr'><strong>castra,</strong></span> <span class='ocrx_word' id='word_1_227' title='bbox 529 2717 661 2867; x_wconf 53' lang='lat' dir='ltr'><strong>{impius</strong></span> <span class='ocrx_word' id='word_1_228' title='bbox 671 2848 676 2859; x_wconf 56' lang='grc'><strong>,</strong></span> <span class='ocrx_word' id='word_1_229' title='bbox 686 2776 848 2843; x_wconf 90' lang='lat' dir='ltr'><strong>Romanos</strong></span> <span class='ocrx_word' id='word_1_230' title='bbox 866 2712 1030 2852; x_wconf 66' lang='lat' dir='ltr'><strong>molispses</strong></span> <span class='ocrx_word' id='word_1_231' title='bbox 1048 2776 1137 2864; x_wconf 89' lang='lat' dir='ltr'><strong>quod</strong></span> <span class='ocrx_word' id='word_1_232' title='bbox 1161 2802 1222 2845; x_wconf 87' lang='lat' dir='ltr'><strong>cun</strong></span> 
     </span>
     <span class='ocr_line' id='line_1_29' title="bbox 132 2862 1235 2953; baseline 0 -22"><span class='ocrx_word' id='word_1_233' title='bbox 132 2866 221 2931; x_wconf 92' lang='lat' dir='ltr'><strong>omni</strong></span> <span class='ocrx_word' id='word_1_234' title='bbox 236 2864 386 2953; x_wconf 88' lang='lat' dir='ltr'><strong>equitatu</strong></span> <span class='ocrx_word' id='word_1_235' title='bbox 398 2864 598 2939; x_wconf 83' lang='lat' dir='ltr'><strong>discessisset,</strong></span> <span class='ocrx_word' id='word_1_236' title='bbox 615 2864 703 2951; x_wconf 92' lang='lat' dir='ltr'><strong>quod</strong></span> <span class='ocrx_word' id='word_1_237' title='bbox 717 2864 783 2929; x_wconf 90' lang='lat' dir='ltr'><strong>sine</strong></span> <span class='ocrx_word' id='word_1_238' title='bbox 797 2862 933 2951; x_wconf 91' lang='lat' dir='ltr'><strong>imperio</strong></span> <span class='ocrx_word' id='word_1_239' title='bbox 949 2876 1054 2931; x_wconf 88' lang='lat' dir='ltr'><strong>tantas</strong></span> <span class='ocrx_word' id='word_1_240' title='bbox 1066 2866 1175 2953; x_wconf 87' lang='lat' dir='ltr'><strong>copias</strong></span> <span class='ocrx_word' id='word_1_241' title='bbox 1187 2890 1235 2933; x_wconf 89' lang='lat' dir='ltr'><strong>re.</strong></span> 
     </span>
     <span class='ocr_line' id='line_1_30' title="bbox 132 2948 1218 3039; baseline 0.003 -22"><span class='ocrx_word' id='word_1_242' title='bbox 132 2952 157 3017; x_wconf 90' lang='lat' dir='ltr'><strong>li</strong></span> <span class='ocrx_word' id='word_1_243' title='bbox 183 2953 294 3027; x_wconf 88' lang='lat' dir='ltr'><strong>uisset,</strong></span> <span class='ocrx_word' id='word_1_244' title='bbox 315 2950 405 3039; x_wconf 91' lang='lat' dir='ltr'><strong>quod</strong></span> <span class='ocrx_word' id='word_1_245' title='bbox 429 2952 497 3039; x_wconf 89' lang='lat' dir='ltr'><strong>ejus</strong></span> <span class='ocrx_word' id='word_1_246' title='bbox 512 2952 650 3019; x_wconf 87' lang='lat' dir='ltr'><strong>discessu</strong></span> <span class='ocrx_word' id='word_1_247' title='bbox 670 2950 808 3017; x_wconf 91' lang='lat' dir='ltr'><strong>Romani</strong></span> <span class='ocrx_word' id='word_1_248' title='bbox 829 2962 919 3015; x_wconf 89' lang='lat' dir='ltr'><strong>tanta</strong></span> <span class='ocrx_word' id='word_1_249' title='bbox 933 2948 1178 3037; x_wconf 86' lang='lat' dir='ltr'><strong>obportunitate</strong></span> <span class='ocrx_word' id='word_1_250' title='bbox 1201 2980 1218 3020; x_wconf 93' lang='lat' dir='ltr'><strong>e</strong></span> 
     </span>
     <span class='ocr_line' id='line_1_31' title="bbox 133 2976 1222 3114; baseline 0 -11"><span class='ocrx_word' id='word_1_251' title='bbox 133 2976 302 3105; x_wconf 66' lang='lat' dir='ltr'><strong>cdleritate</strong></span> <span class='ocrx_word' id='word_1_252' title='bbox 318 3039 496 3114; x_wconf 70' lang='lat' dir='ltr'><strong>venissent:</strong></span> <span class='ocrx_word' id='word_1_253' title='bbox 520 3062 585 3105; x_wconf 94' lang='lat' dir='ltr'><strong>non</strong></span> <span class='ocrx_word' id='word_1_254' title='bbox 599 3037 666 3105; x_wconf 84' lang='lat' dir='ltr'><strong>haec</strong></span> <span class='ocrx_word' id='word_1_255' title='bbox 681 3036 786 3103; x_wconf 87' lang='lat' dir='ltr'><strong>omnia</strong></span> <span class='ocrx_word' id='word_1_256' title='bbox 798 3036 934 3102; x_wconf 85' lang='lat' dir='ltr'><strong>fortuito</strong></span> <span class='ocrx_word' id='word_1_257' title='bbox 950 3048 1008 3101; x_wconf 91' lang='lat' dir='ltr'><strong>aut</strong></span> <span class='ocrx_word' id='word_1_258' title='bbox 1024 3036 1090 3103; x_wconf 92' lang='lat' dir='ltr'><strong>siue</strong></span> <span class='ocrx_word' id='word_1_259' title='bbox 1105 3040 1222 3105; x_wconf 70' lang='lat' dir='ltr'><strong>consili·</strong></span> 
     </span>
     <span class='ocr_line' id='line_1_32' title="bbox 132 3120 1269 3215; baseline 0 -24"><span class='ocrx_word' id='word_1_260' title='bbox 132 3125 284 3191; x_wconf 87' lang='lat' dir='ltr'><strong>accidere</strong></span> <span class='ocrx_word' id='word_1_261' title='bbox 299 3127 461 3213; x_wconf 89' lang='lat' dir='ltr'><strong>potuisse;</strong></span> <span class='ocrx_word' id='word_1_262' title='bbox 492 3124 643 3215; x_wconf 72' lang='lat' dir='ltr'><strong>Regnum</strong></span> <span class='ocrx_word' id='word_1_263' title='bbox 662 3124 754 3189; x_wconf 90' lang='lat' dir='ltr'><strong>ilhnn</strong></span> <span class='ocrx_word' id='word_1_264' title='bbox 771 3122 886 3189; x_wconf 82' lang='lat' dir='ltr'><strong>Gellioe</strong></span> <span class='ocrx_word' id='word_1_265' title='bbox 899 3120 996 3187; x_wconf 90' lang='lat' dir='ltr'><strong>malle</strong></span> <span class='ocrx_word' id='word_1_266' title='bbox 1013 3122 1147 3191; x_wconf 81' lang='lat' dir='ltr'><strong>Caesaris</strong></span> <span class='ocrx_word' id='word_1_267' title='bbox 1161 3150 1220 3191; x_wconf 90' lang='lat' dir='ltr'><strong>con</strong></span> <span class='ocrx_word' id='word_1_268' title='bbox 1265 3162 1269 3173; x_wconf 92' lang='lat'>·</span> 
     </span>
     <span class='ocr_line' id='line_1_33' title="bbox 133 3207 1219 3301; baseline 0 -24"><span class='ocrx_word' id='word_1_269' title='bbox 133 3207 640 3301; x_wconf 79' lang='lat' dir='ltr'><strong>cessu,quamips0ruu1haber&#39;e</strong></span> <span class='ocrx_word' id='word_1_270' title='bbox 654 3208 831 3277; x_wconf 86' lang='lat' dir='ltr'><strong>beneficio:</strong></span> <span class='ocrx_word' id='word_1_271' title='bbox 865 3210 924 3275; x_wconf 86' lang='lat' dir='ltr'><strong>tali</strong></span> <span class='ocrx_word' id='word_1_272' title='bbox 946 3208 1042 3275; x_wconf 90' lang='lat' dir='ltr'><strong>modo</strong></span> <span class='ocrx_word' id='word_1_273' title='bbox 1065 3210 1219 3277; x_wconf 88' lang='lat' dir='ltr'><strong>adcusatu</strong></span> 
     </span>
     <span class='ocr_line' id='line_1_34' title="bbox 132 3296 1221 3400; baseline 0.001 -37"><span class='ocrx_word' id='word_1_274' title='bbox 132 3298 177 3363; x_wconf 87' lang='lat' dir='ltr'><strong>ad</strong></span> <span class='ocrx_word' id='word_1_275' title='bbox 201 3298 269 3366; x_wconf 82' lang='lat' dir='ltr'><strong>haec</strong></span> <span class='ocrx_word' id='word_1_276' title='bbox 290 3300 475 3400; x_wconf 89' lang='lat' dir='ltr'><strong>respondit:</strong></span> <span class='ocrx_word' id='word_1_277' title='bbox 506 3301 532 3341; x_wconf 58' lang='lat'><strong>‘⁶</strong></span> <span class='ocrx_word' id='word_1_278' title='bbox 547 3297 642 3375; x_wconf 85' lang='lat' dir='ltr'><strong>Quod</strong></span> <span class='ocrx_word' id='word_1_279' title='bbox 664 3309 769 3363; x_wconf 87' lang='lat' dir='ltr'><strong>castra</strong></span> <span class='ocrx_word' id='word_1_280' title='bbox 793 3296 952 3371; x_wconf 89' lang='lat' dir='ltr'><strong>movisset,</strong></span> <span class='ocrx_word' id='word_1_281' title='bbox 981 3296 1103 3361; x_wconf 87' lang='lat' dir='ltr'><strong>factum</strong></span> <span class='ocrx_word' id='word_1_282' title='bbox 1126 3296 1221 3387; x_wconf 64' lang='lat' dir='ltr'><strong>inopia</strong></span> 
     </span>
     <span class='ocr_line' id='line_1_35' title="bbox 134 3382 1302 3475; baseline 0.001 -24"><span class='ocrx_word' id='word_1_283' title='bbox 134 3397 156 3425; x_wconf 92' lang='lat'><strong>“</strong></span> <span class='ocrx_word' id='word_1_284' title='bbox 172 3384 299 3475; x_wconf 83' lang='lat' dir='ltr'><strong>pabuli,</strong></span> <span class='ocrx_word' id='word_1_285' title='bbox 312 3402 407 3451; x_wconf 81' lang='lat' dir='ltr'><strong>etiarn</strong></span> <span class='ocrx_word' id='word_1_286' title='bbox 420 3387 494 3475; x_wconf 87' lang='lat' dir='ltr'><strong>ipsis</strong></span> <span class='ocrx_word' id='word_1_287' title='bbox 509 3384 732 3452; x_wconf 87' lang='lat' dir='ltr'><strong>hortantibus:</strong></span> <span class='ocrx_word' id='word_1_288' title='bbox 756 3382 845 3471; x_wconf 90' lang='lat' dir='ltr'><strong>quod</strong></span> <span class='ocrx_word' id='word_1_289' title='bbox 862 3382 995 3471; x_wconf 89' lang='lat' dir='ltr'><strong>propius</strong></span> <span class='ocrx_word' id='word_1_290' title='bbox 1011 3382 1173 3451; x_wconf 87' lang='lat' dir='ltr'><strong>Romanos</strong></span> <span class='ocrx_word' id='word_1_291' title='bbox 1184 3410 1236 3454; x_wconf 73' lang='lat' dir='ltr'><strong>ac,</strong></span> <span class='ocrx_word' id='word_1_292' title='bbox 1293 3422 1302 3457; x_wconf 67' lang='lat' dir='ltr'><em>a</em></span> 
     </span>
     <span class='ocr_line' id='line_1_36' title="bbox 134 3468 1220 3561; baseline -0.001 -22"><span class='ocrx_word' id='word_1_293' title='bbox 134 3483 158 3514; x_wconf 80' lang='lat'><strong>‘⁴</strong></span> <span class='ocrx_word' id='word_1_294' title='bbox 174 3472 328 3547; x_wconf 85' lang='lat' dir='ltr'><strong>cessisset,</strong></span> <span class='ocrx_word' id='word_1_295' title='bbox 369 3497 530 3539; x_wconf 87' lang='lat' dir='ltr'><strong>ersuasnm</strong></span> <span class='ocrx_word' id='word_1_296' title='bbox 544 3473 606 3539; x_wconf 90' lang='lat' dir='ltr'><strong>loci</strong></span> <span class='ocrx_word' id='word_1_297' title='bbox 621 3470 878 3561; x_wconf 89' lang='lat' dir='ltr'><strong>obportunitate,</strong></span> <span class='ocrx_word' id='word_1_298' title='bbox 894 3469 950 3555; x_wconf 92' lang='lat' dir='ltr'><strong>qui</strong></span> <span class='ocrx_word' id='word_1_299' title='bbox 966 3492 998 3533; x_wconf 92' lang='lat' dir='ltr'><strong>se</strong></span> <span class='ocrx_word' id='word_1_300' title='bbox 1013 3468 1118 3556; x_wconf 91' lang='lat' dir='ltr'><strong>ipsum</strong></span> <span class='ocrx_word' id='word_1_301' title='bbox 1133 3474 1220 3538; x_wconf 92' lang='lat' dir='ltr'><strong>muni</strong></span> 
     </span>
     <span class='ocr_line' id='line_1_37' title="bbox 135 3496 1221 3651; baseline -0.003 -24"><span class='ocrx_word' id='word_1_302' title='bbox 135 3570 158 3651; x_wconf 57' lang='grc' dir='ltr'><strong>ἦ*</strong></span> <span class='ocrx_word' id='word_1_303' title='bbox 174 3560 264 3627; x_wconf 92' lang='lat' dir='ltr'><strong>tione</strong></span> <span class='ocrx_word' id='word_1_304' title='bbox 289 3496 495 3625; x_wconf 56' lang='lat' dir='ltr'><strong>dednderet:</strong></span> <span class='ocrx_word' id='word_1_305' title='bbox 534 3559 681 3647; x_wconf 89' lang='lat' dir='ltr'><strong>equitnm</strong></span> <span class='ocrx_word' id='word_1_306' title='bbox 712 3580 790 3623; x_wconf 88' lang='lat' dir='ltr'><strong>vero</strong></span> <span class='ocrx_word' id='word_1_307' title='bbox 813 3580 944 3645; x_wconf 86' lang='lat' dir='ltr'><strong>operam</strong></span> <span class='ocrx_word' id='word_1_308' title='bbox 974 3578 1079 3642; x_wconf 91' lang='lat' dir='ltr'><strong>neque</strong></span> <span class='ocrx_word' id='word_1_309' title='bbox 1102 3556 1135 3621; x_wconf 93' lang='lat' dir='ltr'><strong>in</strong></span> <span class='ocrx_word' id='word_1_310' title='bbox 1165 3557 1221 3624; x_wconf 86' lang='lat' dir='ltr'><strong>loc</strong></span> 
     </span>
     <span class='ocr_line' id='line_1_38' title="bbox 136 3641 1218 3735; baseline -0.001 -23"><span class='ocrx_word' id='word_1_311' title='bbox 136 3658 159 3689; x_wconf 89' lang='lat'>“</span> <span class='ocrx_word' id='word_1_312' title='bbox 177 3646 317 3735; x_wconf 85' lang='lat' dir='ltr'><strong>palustri</strong></span> <span class='ocrx_word' id='word_1_313' title='bbox 339 3646 513 3713; x_wconf 90' lang='lat' dir='ltr'><strong>desiderari</strong></span> <span class='ocrx_word' id='word_1_314' title='bbox 526 3646 685 3721; x_wconf 90' lang='lat' dir='ltr'><strong>debuisse,</strong></span> <span class='ocrx_word' id='word_1_315' title='bbox 703 3658 737 3709; x_wconf 89' lang='lat' dir='ltr'><strong>et</strong></span> <span class='ocrx_word' id='word_1_316' title='bbox 753 3644 820 3709; x_wconf 90' lang='lat' dir='ltr'><strong>illio</strong></span> <span class='ocrx_word' id='word_1_317' title='bbox 836 3644 931 3707; x_wconf 81' lang='lat' dir='ltr'><strong>fuisse</strong></span> <span class='ocrx_word' id='word_1_318' title='bbox 946 3641 1071 3717; x_wconf 91' lang='lat' dir='ltr'><strong>utilem,</strong></span> <span class='ocrx_word' id='word_1_319' title='bbox 1092 3666 1159 3729; x_wconf 93' lang='lat' dir='ltr'><strong>quo</strong></span> <span class='ocrx_word' id='word_1_320' title='bbox 1173 3646 1218 3711; x_wconf 90' lang='lat' dir='ltr'><strong>sin</strong></span> 
     </span>
     <span class='ocr_line' id='line_1_39' title="bbox 134 3726 1227 3823; baseline -0.002 -22"><span class='ocrx_word' id='word_1_321' title='bbox 134 3744 157 3774; x_wconf 94' lang='lat'><strong>“</strong></span> <span class='ocrx_word' id='word_1_322' title='bbox 172 3732 334 3823; x_wconf 79' lang='lat' dir='ltr'><strong>profecti:</strong></span> <span class='ocrx_word' id='word_1_323' title='bbox 363 3756 518 3799; x_wconf 89' lang='lat' dir='ltr'><strong>summam</strong></span> <span class='ocrx_word' id='word_1_324' title='bbox 544 3733 670 3821; x_wconf 82' lang='lat' dir='ltr'><strong>imperii</strong></span> <span class='ocrx_word' id='word_1_325' title='bbox 691 3756 724 3798; x_wconf 88' lang='lat' dir='ltr'><strong>se</strong></span> <span class='ocrx_word' id='word_1_326' title='bbox 744 3730 892 3797; x_wconf 88' lang='lat' dir='ltr'><strong>consulto</strong></span> <span class='ocrx_word' id='word_1_327' title='bbox 912 3727 992 3794; x_wconf 92' lang='lat' dir='ltr'><strong>nulli</strong></span> <span class='ocrx_word' id='word_1_328' title='bbox 1019 3726 1227 3799; x_wconf 82' lang='lat' dir='ltr'><strong>discedentes</strong></span> 
     </span>
    </p>
   </div>
   <div class='ocr_carea' id='block_1_3' title="bbox 137 3903 1312 4481">
    <p class='ocr_par' dir='ltr' id='par_1_4' title="bbox 137 3903 1312 4481">
     <span class='ocr_line' id='line_1_40' title="bbox 169 3903 1225 3967; baseline -0.007 -4"><span class='ocrx_word' id='word_1_329' title='bbox 169 3913 349 3963; x_wconf 61' lang='lat' dir='ltr'><strong>Monter-</strong></span> <span class='ocrx_word' id='word_1_330' title='bbox 390 3909 432 3960; x_wconf 83' lang='lat' dir='ltr'><strong>Sic</strong></span> <span class='ocrx_word' id='word_1_331' title='bbox 455 3910 523 3959; x_wconf 87' lang='lat' dir='ltr'><strong>Oud.</strong></span> <span class='ocrx_word' id='word_1_332' title='bbox 543 3926 559 3958; x_wconf 90' lang='lat' dir='ltr'><strong>e</strong></span> <span class='ocrx_word' id='word_1_333' title='bbox 581 3910 657 3959; x_wconf 82' lang='lat' dir='ltr'><strong>codd.</strong></span> <span class='ocrx_word' id='word_1_334' title='bbox 744 3908 898 3967; x_wconf 58' lang='lat' dir='ltr'><strong>Sation,</strong></span> <span class='ocrx_word' id='word_1_335' title='bbox 913 3912 1035 3954; x_wconf 69' lang='lat' dir='ltr'><strong>rectum.</strong></span> <span class='ocrx_word' id='word_1_336' title='bbox 1068 3903 1110 3954; x_wconf 88' lang='lat' dir='ltr'><strong>Sic</strong></span> <span class='ocrx_word' id='word_1_337' title='bbox 1127 3922 1143 3955; x_wconf 86' lang='lat' dir='ltr'><strong>e</strong></span> <span class='ocrx_word' id='word_1_338' title='bbox 1158 3907 1225 3956; x_wconf 87' lang='lat' dir='ltr'><strong>codd</strong></span> 
     </span>
     <span class='ocr_line' id='line_1_41' title="bbox 139 3970 1223 4042; baseline -0.003 -16"><span class='ocrx_word' id='word_1_339' title='bbox 139 3976 224 4042; x_wconf 72' lang='lat' dir='ltr'><strong>Vulgo</strong></span> <span class='ocrx_word' id='word_1_340' title='bbox 235 3978 420 4029; x_wconf 61' lang='lat' dir='ltr'><strong>crlfitrotutar.</strong></span> <span class='ocrx_word' id='word_1_341' title='bbox 707 3971 923 4035; x_wconf 77' lang='lat' dir='ltr'><strong>Oudendorpiusr</strong></span> <span class='ocrx_word' id='word_1_342' title='bbox 942 3970 1028 4032; x_wconf 69' lang='lat' dir='ltr'><strong>vulgo,</strong></span> <span class='ocrx_word' id='word_1_343' title='bbox 1044 3977 1117 4031; x_wconf 78' lang='lat' dir='ltr'><strong>emet,</strong></span> <span class='ocrx_word' id='word_1_344' title='bbox 1131 3972 1223 4023; x_wconf 77' lang='lat' dir='ltr'><strong>videret</strong></span> 
     </span>
     <span class='ocr_line' id='line_1_42' title="bbox 171 4036 1312 4109; baseline -0.013 -16"><span class='ocrx_word' id='word_1_345' title='bbox 171 4042 432 4098; x_wconf 62' lang='lat' dir='ltr'><strong>meamne.</strong></span> <span class='ocrx_word' id='word_1_346' title='bbox 464 4040 679 4091; x_wconf 61' lang='lat' dir='ltr'><strong>mmmm·</strong></span> <span class='ocrx_word' id='word_1_347' title='bbox 705 4036 912 4088; x_wconf 62' lang='lat' dir='ltr'><strong>moranum.</strong></span> <span class='ocrx_word' id='word_1_348' title='bbox 982 4098 987 4109; x_wconf 41' lang='grc' dir='ltr'>Ι</span> <span class='ocrx_word' id='word_1_349' title='bbox 1310 4038 1312 4045; x_wconf 90' lang='grc'><strong>“</strong></span> 
     </span>
     <span class='ocr_line' id='line_1_43' title="bbox 137 4100 1081 4175; baseline -0.006 -19"><span class='ocrx_word' id='word_1_350' title='bbox 137 4107 395 4158; x_wconf 77' lang='lat' dir='ltr'><strong>videturdelendumz</strong></span> <span class='ocrx_word' id='word_1_351' title='bbox 407 4120 466 4159; x_wconf 84' lang='lat' dir='ltr'><strong>nam</strong></span> <span class='ocrx_word' id='word_1_352' title='bbox 475 4109 659 4169; x_wconf 72' lang='lat' dir='ltr'><strong>pematimest</strong></span> <span class='ocrx_word' id='word_1_353' title='bbox 741 4104 1024 4175; x_wconf 49' lang='lat' dir='ltr'><strong>sensumsensurn.</strong></span> <span class='ocrx_word' id='word_1_354' title='bbox 1042 4100 1081 4150; x_wconf 78' lang='lat' dir='ltr'><strong>M.</strong></span> 
     </span>
     <span class='ocr_line' id='line_1_44' title="bbox 139 4164 1218 4237; baseline -0.002 -16"><span class='ocrx_word' id='word_1_355' title='bbox 139 4170 167 4221; x_wconf 77' lang='lat' dir='ltr'><strong>lt.</strong></span> <span class='ocrx_word' id='word_1_356' title='bbox 178 4172 197 4221; x_wconf 88' lang='lat' dir='ltr'><strong>l.</strong></span> <span class='ocrx_word' id='word_1_357' title='bbox 205 4190 254 4237; x_wconf 78' lang='lat' dir='ltr'><strong>per</strong></span> <span class='ocrx_word' id='word_1_358' title='bbox 263 4186 359 4237; x_wconf 63' lang='lat' dir='ltr'><strong>uenere</strong></span> <span class='ocrx_word' id='word_1_359' title='bbox 369 4190 392 4221; x_wconf 85' lang='lat' dir='ltr'><strong>s.</strong></span> <span class='ocrx_word' id='word_1_360' title='bbox 402 4176 521 4222; x_wconf 69' lang='lat' dir='ltr'><strong>ciuitates·</strong></span> <span class='ocrx_word' id='word_1_361' title='bbox 537 4172 576 4219; x_wconf 71' lang='grc' dir='ltr'><strong>Π.</strong></span> <span class='ocrx_word' id='word_1_362' title='bbox 717 4205 720 4209; x_wconf 39' lang='lat'><em>1</em></span> <span class='ocrx_word' id='word_1_363' title='bbox 741 4169 918 4217; x_wconf 65' lang='lat' dir='ltr'><strong>Immaturae.</strong></span> <span class='ocrx_word' id='word_1_364' title='bbox 929 4164 975 4215; x_wconf 86' lang='lat' dir='ltr'><strong>alu</strong></span> <span class='ocrx_word' id='word_1_365' title='bbox 987 4178 1037 4215; x_wconf 84' lang='lat' dir='ltr'><strong>non</strong></span> <span class='ocrx_word' id='word_1_366' title='bbox 1049 4166 1117 4216; x_wconf 79' lang='lat' dir='ltr'><strong>male</strong></span> <span class='ocrx_word' id='word_1_367' title='bbox 1125 4169 1218 4219; x_wconf 75' lang='lat' dir='ltr'><strong>itttr&#39;m</strong></span> 
     </span>
     <span class='ocr_line' id='line_1_45' title="bbox 173 4235 1066 4305; baseline -0.008 -20"><span class='ocrx_word' id='word_1_368' title='bbox 173 4239 333 4301; x_wconf 65' lang='lat' dir='ltr'><strong>Videres-eo,</strong></span> <span class='ocrx_word' id='word_1_369' title='bbox 453 4268 461 4285; x_wconf 83' lang='lat'><strong>.</strong></span> <span class='ocrx_word' id='word_1_370' title='bbox 491 4236 534 4285; x_wconf 77' lang='lat' dir='ltr'><strong>stc</strong></span> <span class='ocrx_word' id='word_1_371' title='bbox 548 4252 565 4285; x_wconf 93' lang='lat' dir='ltr'><strong>e</strong></span> <span class='ocrx_word' id='word_1_372' title='bbox 579 4235 658 4283; x_wconf 84' lang='lat' dir='ltr'><strong>codd.</strong></span> <span class='ocrx_word' id='word_1_373' title='bbox 707 4235 787 4284; x_wconf 65' lang='lat' dir='ltr'><strong>laur.</strong></span> <span class='ocrx_word' id='word_1_374' title='bbox 912 4294 918 4305; x_wconf 34' lang='grc' dir='ltr'>ι</span> <span class='ocrx_word' id='word_1_375' title='bbox 1061 4258 1066 4265; x_wconf 88' lang='grc'><strong>-</strong></span> 
     </span>
     <span class='ocr_line' id='line_1_46' title="bbox 138 4294 1234 4369; baseline -0.01 -16"><span class='ocrx_word' id='word_1_376' title='bbox 138 4299 253 4353; x_wconf 67' lang='lat' dir='ltr'><strong>emin·</strong></span> <span class='ocrx_word' id='word_1_377' title='bbox 274 4312 300 4351; x_wconf 89' lang='lat' dir='ltr'><strong>et</strong></span> <span class='ocrx_word' id='word_1_378' title='bbox 385 4299 539 4365; x_wconf 83' lang='lat' dir='ltr'><strong>endorpius:</strong></span> <span class='ocrx_word' id='word_1_379' title='bbox 572 4302 659 4363; x_wconf 76' lang='lat' dir='ltr'><strong>vulgo,</strong></span> <span class='ocrx_word' id='word_1_380' title='bbox 707 4328 712 4335; x_wconf 87' lang='lat'><strong>·</strong></span> <span class='ocrx_word' id='word_1_381' title='bbox 743 4294 1042 4369; x_wconf 60' lang='lat' dir='ltr'><strong>Fortuitmalirscnaitu.</strong></span> <span class='ocrx_word' id='word_1_382' title='bbox 1075 4295 1234 4369; x_wconf 68' lang='lat' dir='ltr'><strong>Cous-Oad</strong></span> 
     </span>
     <span class='ocr_line' id='line_1_47' title="bbox 138 4360 1224 4481; baseline -0.009 -62"><span class='ocrx_word' id='word_1_383' title='bbox 138 4366 561 4431; x_wconf 52' lang='lat' dir='ltr'><strong>amnemamnem.</strong></span> <span class='ocrx_word' id='word_1_384' title='bbox 708 4360 950 4413; x_wconf 69' lang='lat' dir='ltr'><strong>mensurium.</strong></span> <span class='ocrx_word' id='word_1_385' title='bbox 1035 4390 1079 4481; x_wconf 59' lang='lat' dir='ltr'><strong>Na</strong></span> <span class='ocrx_word' id='word_1_386' title='bbox 1147 4378 1149 4383; x_wconf 71' lang='grc'>’</span> <span class='ocrx_word' id='word_1_387' title='bbox 1220 4385 1224 4395; x_wconf 85' lang='grc'><em>·</em></span> 
     </span>
    </p>
   </div>
   <div class='ocr_carea' id='block_1_4' title="bbox 0 0 1464 4809">
    <p class='ocr_par' dir='ltr' id='par_1_5' title="bbox 0 0 1464 4809">
     <span class='ocr_line' id='line_1_48' title="bbox 0 0 1464 4809; baseline 0 0"><span class='ocrx_word' id='word_1_388' title='bbox 0 0 1464 4809; x_wconf 95' lang='lat' dir='ltr'><strong> </strong></span> 
     </span>
    </p>
   </div>
  </div>
 </body>
</html>
