2909 4809
255 253 327 328 ³³6
353 195 357 200 Α
591 247 657 320 ott
678 245 831 318 BELLO
854 243 1013 317 olvltt.
1047 249 1052 254 '

299 441 355 510 35.
378 441 506 519 Quota
556 439 662 528 galla
684 439 735 506 ius
778 459 975 528 egnusqur
1053 455 1172 514 ‚eam
1194 457 1289 504 miso
1331 461 1355 504 1·

472 434 556 504 ‘fu
660 438 685 505 b
751 437 820 504 Pli
965 435 1050 505 'dom
1138 433 1237 502 'fi'
1289 435 1340 503 rd'

256 530 352 599 nibus
374 527 415 594 de
428 525 573 593 exercitu
588 527 752 602 Curionis,
776 525 919 615 primum
940 549 1055 613 agmen
1069 524 1265 613 fugientium
1278 547 1357 590 con·

255 629 396 692 secutus,
419 636 537 703 magna
557 637 638 680 voce
657 614 782 682 Varum
804 613 932 680 nomine
955 612 1131 702 adpellans·
1144 601 1352 700 requirebat:

256 704 306 770 nti
332 726 414 770 unus
434 725 500 768 esse
524 723 566 766 ex
587 700 657 766 e'us
677 699 836 766 militibus
858 711 892 764 et
906 721 1035 766 monere
1056 698 1182 787 aliquid
1206 697 1291 766 velle
1316 721 1354 762 ac

254 789 364 858 dicere
383 787 562 890 videretur.
618 874 622 881 Ι
643 788 679 854 bi
700 787 768 864 ille,
789 811 831 889 ere
855 787 905 852 ius
926 786 1123 888 sdpcllutuc·
1138 785 1287 874 adspexit
1314 807 1355 851 ac

253 889 452 1054 ᾕῗῖἓέζι
491 887 821 1061 tntillum
845 871 1355 1048 „t‘lttltttttllmttt

255 1049 384 1120 ficeret:
432 1050 496 1114 uod
511 1047 566 1114 rlle
582 1047 775 1136 periculum,
797 1071 835 1113 su
860 1047 926 1114 lato
940 1048 982 1114 ad
996 1047 1064 1136 ejus
1081 1058 1232 1116 conatum
1246 1057 1352 1123 scuto,

253 1137 383 1240 vitavit.
455 1133 602 1236 abinea
622 1133 778 1236 proximis
800 1134 958 1236 militibus
979 1134 1230 1209 circumventus,
1253 1133 1354 1199 inter·

247 1220 1353 1408 ¹{ritu‘ntitteristrinit-ruiritimsris:

252 1396 320 1462 eine
345 1395 495 1471 vulnere,
524 1419 622 1484 quam
649 1394 682 1461 in
709 1395 827 1483 proeho
850 1409 909 1460 aut
930 1393 967 1460 fu
1014 1441 1023 1469 ,
1046 1394 1222 1471 intereunt,
1245 1417 1352 1480 neque

251 1483 394 1549 multum
406 1481 525 1559 abfuit,
539 1483 619 1570 quin
633 1482 730 1547 etiam
744 1481 858 1548 castris
871 1418 1128 1571 expolirentur:
1151 1505 1189 1546 ac
1203 1481 1351 1547 nonnulli

279 1570 403 1636 rotinus
414 1567 528 1635 eodem
540 1593 639 1634 cursu
653 1567 686 1635 in
700 1569 856 1657 oppidum
871 1566 1117 1635 contenderunt.
1156 1568 1233 1643 Sed,
1247 1591 1351 1656 quum

251 1593 319 1724 lici
339 1669 457 1724 natura
478 1668 514 1722 et
531 1655 670 1722 munitio
691 1668 873 1722 castrorum
895 1654 1021 1720 aditum
1043 1653 1252 1744 prohibebat:
1279 1667 1351 1722 tum

252 1745 343 1832 qnod
352 1745 394 1811 ad
405 1743 557 1832 proelium
567 1742 686 1832 egremi
698 1741 851 1809 Curionis
862 1741 980 1806 milites
991 1741 1029 1806 iis
1039 1743 1137 1807 rebus
1150 1741 1349 1830 indigebant,

253 1841 328 1921 qme
340 1832 383 1898 ad
396 1829 672 1920 obpugnationem
685 1841 865 1896 castrorum
877 1841 971 1922 ¹erum
986 1827 1068 1894 usui.
1113 1829 1229 1916 ltsque
1245 1830 1349 1896 Curio

250 1919 431 1984 exercitum
460 1918 494 1982 in
518 1929 623 1984 castra
645 1917 786 1992 reducit,
807 1916 872 1982 suis
893 1915 1041 1980 omnibus
1069 1927 1189 2004 praetcr
1210 1915 1349 1982 Fabium
1388 1953 1393 1978 .

251 2004 479 2081 incolumibus,
501 2027 542 2070 ex
556 2025 691 2092 numero
712 2003 971 2070 adversariorum
990 2000 1121 2068 circiter
1133 2004 1291 2069 sexcentis
1305 2003 1351 2068 in-

253 2092 399 2158 terfectis
419 2115 457 2156 uc
477 2091 552 2156 mile
572 2091 768 2157 vulneratis:
800 2090 858 2192 qui
882 2111 1002 2165 omnes,
1024 2081 1162 2156 disc'essu
1187 2089 1350 2166 Curionis,

145 2253 147 2259 ,
251 2179 412 2267 multique
426 2189 595 2268 praetcrea,
614 2201 673 2265 per
687 2176 922 2242 simulationem
936 2176 1118 2253 vulnerum,
1134 2200 1175 2242 ex
1188 2178 1304 2244 castris
1317 2177 1348 2243 in

252 2289 275 2332 o
298 2263 412 2354 pidum
459 2275 571 2352 roptcr
591 2263 740 2329 timorem
762 2287 828 2328 sese
847 2263 1020 2351 recipiunt.
1068 2264 1191 2339 Quare
1206 2265 1348 2332 animum

295 2373 400 2426 versa,
451 2373 539 2422 arus,
559 2359 594 2414 et
607 2361 734 2416 terrore
749 2349 944 2416 exercitusc
1010 2350 1068 2427 ‘to,
1093 2349 1302 2418 buccinatorc
1316 2353 1347 2416 in

251 2439 364 2504 castris
388 2448 423 2502 et
447 2436 556 2525 paucis
577 2435 619 2502 ad
632 2437 771 2526 speciem
793 2433 991 2503 tabernacu'
1028 2437 1160 2516 relictis,
1183 2437 1226 2504 dc
1251 2437 1348 2505 tertis

253 2524 286 2592 vi
312 2525 366 2592 'lia
379 2523 507 2590 silentio
521 2524 699 2589 exercitum
713 2523 747 2590 in
761 2525 917 2626 oppidum
931 2524 1068 2590 reducit.

316 2615 347 2678 o.
372 2611 507 2678 Postero
529 2609 583 2675 die
606 2611 710 2676 Curio
725 2611 859 2677 Uticam
880 2609 1027 2676 obsidere
1050 2624 1085 2678 ct
1104 2611 1192 2678 vallo
1212 2613 1346 2680 circum·

252 2699 378 2768 munire
401 2697 553 2764 imtituit.
597 2697 680 2764 Erat
704 2699 737 2764 in
758 2698 883 2787 oppido
904 2697 1083 2765 multitudo
1104 2699 1242 2766 insolens
1255 2701 1346 2776 belli,

250 2785 467 2853 diuturnitate
481 2785 553 2851 otii:
578 2786 748 2853 Uticenses
763 2807 826 2874 pro
839 2783 1033 2874 quibusdam
1047 2785 1182 2852 Oaesaris
1196 2787 1229 2852 in
1243 2811 1278 2854 se
1291 2787 1346 2853 be·

250 2872 371 2940 aeficiis
384 2872 434 2937 illi
447 2871 644 2940 amicissimi:
667 2885 844 2938 conventus
864 2872 902 2948 is,
926 2871 984 2960 qui
1006 2896 1047 2938 ex
1060 2872 1157 2938 variis
1175 2874 1347 2961 generibus

252 2971 430 3026 constaret:
462 2973 571 3024 terror
590 2983 631 3024 ex
650 2959 873 3048 superioribus
894 2957 1016 3048 proeliis
1038 2981 1184 3048 magnus.
1230 2959 1345 3050 Itaque

250 3043 292 3112 de
305 3043 470 3113 deditione
488 3067 598 3122 omnes
617 3045 724 3134 palam
739 3045 957 3135 loquebantur
971 3059 1093 3112 etcum
1108 3046 1148 3111 P.
1163 3047 1260 3115 Attio
1274 3071 1347 3137 uge-

286 3265 376 3314 mm
393 3263 529 3315 videretur.
566 3261 684 3313 latinius
702 3261 777 3313 malit
822 3259 929 3312 Ursinus
950 3261 1073 3314 ecodice
1090 3262 1217 3313 restituite
1240 3263 1267 3314 in
1285 3264 1346 3315 aliis

253 3327 350 3380 docere.
821 3329 897 3378 codd.
906 3328 948 3378 vel
959 3329 1085 3387 decetne!
1100 3327 1124 3377 in
1134 3332 1345 3381 nnocceocsla.

287 3395 433 3445 Hammo»
448 3402 575 3459 apertum,
590 3394 699 3454 hocca,
714 3394 775 3444 dex·
821 3393 922 3456 legitur,
938 3401 965 3441 ut
976 3393 1006 3458 ¹in
1018 3393 1078 3443 aliis
1091 3407 1175 3444 rursus
1190 3397 1346 3458 atmoevuln.

251 3465 327 3520 num,
340 3460 387 3525 qui
396 3467 469 3510 scuto
481 3475 532 3510 aon
543 3459 684 3524 tegebatur.
716 3460 776 3508 Vos·
820 3457 980 3518 Ciscconius,
1001 3467 1028 3507 et
1050 3459 1194 3523 posthunc
1217 3460 1344 3522 Derieism,

249 3528 311 3576 dta-
818 3525 872 3588 jam
882 3523 988 3585 monuit,
1001 3523 1145 3588 Appianum
1156 3523 1214 3574 civ.
1223 3529 1249 3584 2,
1259 3527 1302 3574 44.
1320 3541 1346 3588 p.

286 3589 412 3654 Hucsuq.
443 3590 487 3640 Sic
497 3589 572 3640 codd.
580 3589 695 3655 quidam.
719 3587 775 3640 Alii
821 3587 1343 3649 4⁵⁵.trsdere,sexceutoseVariexercim

252 3657 299 3717 Ae,
311 3654 371 3704 itcm
382 3657 412 3704 A.
821 3653 937 3718 periisse,
955 3657 1083 3720 mustoque
1098 3657 1184 3720 plures
1201 3655 1344 3706 vulneratos

285 3720 389 3771 Aditum
412 3719 567 3785 mittebat.
605 3719 690 3771 Bentl·
710 3720 775 3770 velit
819 3735 886 3770 ene.
904 3722 941 3769 M.

249 3785 503 3851 ctauprohoetm.
738 3803 745 3814 ·
855 3788 1064 3836 circummunire.
1094 3784 1346 3836 Aliiciruuucene'se.

288 3853 356 3900 Tum
377 3851 454 3914 quod.
492 3850 522 3899 ld
542 3857 605 3910 tum,
628 3851 695 3900 male
714 3859 773 3900 sate
819 3852 935 3910 uthis.

249 3917 388 4028 affl
395 3914 515 3979 positum,
525 3915 574 3965 huc
584 3931 599 3965 e
608 3917 682 3966 codd.
692 3927 775 3966 trans·
835 3913 1126 4030 etAusupplicee'pu'emmcodd.
1136 3914 1241 3980 qnidam
1250 3923 1277 3964 et
1287 3917 1343 3966 edd.

343 3995 386 4028 u.
819 3995 836 4030 v
864 4015 871 4028 .
932 3995 964 4030 un
1059 4015 1066 4029 .

286 4045 347 4098 ΟΜ
372 4043 409 4093 od
433 4046 488 4109 obp.
528 4044 647 4095 Clarkius
672 4062 688 4095 e
713 4047 772 4096 cod.
801 4046 803 4051 ’
854 4048 1001 4096 &noema
1033 4045 1139 4095 Cilani.
1157 4047 1195 4095 M.

251 4107 337 4171 Regio
347 4107 420 4158 addit
428 4126 478 4168 rer,
490 4119 520 4159 at
528 4112 593 4161 solet
602 4118 697 4161 noster.
730 4110 772 4161 Sic
853 4112 958 4161 Palam.
1002 4108 1096 4160 Mirum
1128 4119 1176 4170 eat,
1203 4111 1229 4160 in
1257 4111 1343 4161 multis

247 4172 447 4238 repetiturlocis
458 4191 514 4239 cap.
526 4179 566 4224 41.
818 4175 895 4225 codd.
917 4189 972 4226 nou
991 4173 1111 4240 pessimis
1129 4179 1157 4226 in
1173 4179 1264 4240 mian
1284 4174 1342 4240 legi,

283 4241 319 4291 Ac
332 4240 391 4290 ott«
405 4240 552 4292 mmotie.
585 4239 697 4292 Verbum
712 4244 773 4292 mile
817 4241 886 4308 quod
902 4239 1021 4292 Davisius
1038 4239 1173 4307 exemplis,
1187 4242 1232 4292 aed
1248 4241 1343 4294 ultim
