2909 4809
425 328 429 341 '
507 326 834 397 DISSER'I'ATIO.
890 358 895 371 ·
997 329 1001 335 ’
1175 348 1218 393 av

122 514 195 581 Nec
220 512 387 581 dissimiles
413 516 469 581 alii
490 529 667 585 occurrunt
691 517 876 605 aequiorum
895 514 1077 583 seculorum
1103 512 1221 581 barba·

120 627 221 692 rismi
268 626 352 719 Cap.
377 626 411 705 7,
440 636 463 671 ‘⁶
479 628 613 717 reliquae
635 650 675 694 ex
701 626 849 717 fiagitivis
874 624 1044 693 auxiliares
1072 623 1222 691 consita·

123 738 216 805 bant.
232 740 253 771 ”
319 739 405 828 Cap.
429 736 481 815 12,
520 746 543 781 “
559 740 641 805 bene
663 762 816 829 magnum
842 740 1002 827 tempus.¹’
1057 738 1141 827 Gap.
1168 738 1221 812 13,

121 857 147 891 “
163 848 326 937 simulque
340 848 471 920 bdlista
484 850 576 917 mina
586 874 607 917 a
617 851 735 919 nostris
748 862 873 917 turrem
887 848 1037 939 dejecit?
1065 850 1150 938 Cap.
1167 849 1221 927 16,

121 968 146 1001 “
163 960 389 1029 ax'ntinnbant
401 986 455 1029 sos
470 986 562 1053 possa
576 976 728 1032 conatum
741 952 903 1032 efficeret
948 962 1033 1052 Gap.
1048 962 1104 1040 29,
1129 970 1151 1014 “-
1164 961 1221 1027 ad-

122 1074 258 1139 versarii
281 1074 479 1163 patrocinari
508 1078 580 1161 loco
606 1079 719 1167 iniquo
737 1100 801 1144 non
825 1078 1011 1145 desinunt.’'
1063 1072 1150 1165 Cap.
1164 1074 1221 1150 33,

121 1192 145 1225 “
159 1184 330 1264 libertum,
345 1185 403 1275 qui
422 1188 537 1257 fusas
553 1191 623 1279 ejus
642 1186 876 1257 concubinus.”
932 1190 1016 1278 Gap.
1031 1180 1088 1264 39,
1110 1194 1134 1229 “
1148 1176 1230 1275 gra-¹

120 1296 276 1365 diebatur
301 1296 498 1390 Hispalim.”
542 1304 626 1393 Gap.
641 1304 698 1383 42,
723 1316 747 1345 “
764 1302 961 1395 provinciam
972 1300 1222 1393 depopulavit.”

120 1408 168 1475 Et
179 1424 301 1500 prater
321 1438 444 1483 merom
463 1414 580 1483 horum
596 1418 795 1507 scriptorum
807 1394 906 1484 lisinii
920 1425 1026 1505 poeta
1038 1416 1224 1504 fragmenta

119 1520 275 1605 advocat,
288 1550 319 1593 c.
332 1528 389 1607 23,
403 1530 459 1595 31.
513 1530 575 1597 Illa
594 1518 796 1619 veroquam
821 1530 944 1621 inepta,
967 1526 1089 1619 quibus
1112 1540 1221 1594 tamen

122 1634 273 1715 curis,
290 1642 404 1707 summi
421 1641 725 1731 prudentissimique
741 1645 890 1721 oratoris,
903 1664 1071 1731 personam
1085 1639 1156 1729 agit
1170 1633 1224 1710 hio
1355 1697 1358 1702 .

122 1743 285 1833 wphista:
312 1760 335 1791 ‘⁴
349 1752 416 1831 An,
429 1775 481 1817 me
496 1751 616 1831 deleto,
640 1777 705 1821 non
721 1754 1039 1832 animadvertebatis,
1054 1751 1223 1817 Xlrabsre

121 1858 306 1946 “legiones
329 1866 490 1954 populum
507 1886 685 1944 romanum,
712 1892 785 1956 quae
801 1890 866 1934 non
885 1867 990 1934 solum
1011 1864 1103 1932 vobis
1125 1860 1224 1929 obsis·

122 1980 244 2049 “tare,
266 1973 440 2043 sedetiam
466 1979 584 2044 coelum
608 1978 737 2045 diruere
764 1982 936 2069 posseutl’'
988 1974 1225 2045 Declamatoris
1338 2062 1343 2075 .

120 2082 189 2160 illa,
202 2109 267 2152 non
281 2090 430 2171 oratoris,
445 2092 609 2158 effectatio
623 2106 683 2159 est.
730 2093 893 2160 Dixerunt
907 2090 1041 2182 quidem
1054 2089 1221 2165 Germani,

123 2196 241 2265 Snevis
256 2200 322 2265 suis
336 2222 376 2267 ne
393 2203 478 2269 Deos
494 2202 626 2291 quidem
647 2204 844 2271 immortales
866 2228 960 2293 pares
984 2228 1049 2270 esse
1067 2202 1222 2292 potuisse,
1282 2192 1285 2195 ⁴

124 2306 211 2373 Bell.
238 2311 328 2375 Gall.
354 2312 395 2377 L.
409 2312 471 2379 lv.
499 2316 651 2404 cap.110.
676 2316 732 2381 sed
760 2298 893 2383 barbari
913 2316 974 2392 illi,
1000 2339 1064 2383 non
1087 2312 1224 2381 romani.
1327 2332 1335 2345 ‘

123 2417 213 2487 Inter
238 2422 463 2491 Ciceronianae
483 2427 661 2493 multorum
687 2411 870 2496 coaevorum
895 2428 1031 2517 legimus
1060 2427 1226 2516 epistolas’

121 2530 246 2597 nullam
269 2546 389 2613 tamen,
409 2534 486 2625 quae¹
498 2538 693 2605 cothurnum
709 2541 802 2606 illmn
816 2542 931 2630 sapiat.
978 2539 1118 2604 Nullum
1141 2550 1226 2613 erat,

121 2656 220 2711 etate
238 2648 384 2731 Caesaris,
404 2649 505 2714 otium
517 2648 694 2717 istiusmodi
707 2651 827 2740 ingenii
842 2651 976 2726 lusibus,
986 2674 1061 2715 cum
1074 2648 1227 2715 derebus

122 2752 211 2819 seriis
226 2758 505 2845 momentosisque‚
524 2758 652 2826 devita
672 2762 876 2846 fortunisque
897 2760 1051 2825 clientum
1069 2758 1123 2823 vel
1142 2756 1228 2823 fama

121 2879 258 2955 agerent
273 2880 430 2936 oratores.
486 2872 570 2937 Sunt
590 2870 795 2941 nihilominus
810 2870 955 2959 primaevi
968 2868 1109 2934 auctoris
1125 2866 1227 2933 Hirtii

122 2983 221 3049 etiam
236 2984 270 3049 in
283 2982 345 3050 hoc
359 3006 458 3074 opere
470 2986 618 3073 vestigia.
666 2987 747 3061 Quae
764 2984 861 3051 habet
874 2983 1056 3051 communia
1070 3005 1144 3047 cum
1156 2981 1230 3046 aliis

121 3094 215 3159 bonae
226 3092 305 3159 fidei
316 3096 515 3176 auctoribus,
530 3119 595 3163 non
607 3096 739 3161 aliunde
751 3118 913 3161 emanasse
927 3114 1057 3160 censeo:
1081 3090 1228 3180 inprimis

120 3204 219 3285 illud,
245 3206 336 3295 quod
347 3208 507 3275 Caesarem
526 3208 614 3274 dicat
637 3208 831 3274 dictatorem
853 3205 917 3284 111,
940 3204 1145 3292 designatum
1165 3201 1228 3276 IV,

120 3341 188 3385 non
211 3319 263 3403 (ut
286 3319 360 3385 vult
388 3332 504 3386 auctor
525 3319 669 3407 alioquin
694 3318 947 3389 accuratissimus
969 3311 1156 3379 in‘historia
1175 3335 1228 3378 ro-

122 3452 230 3508 mana,
253 3431 419 3519 Sigonius)
437 3454 534 3510 auno,
556 3454 622 3519 quo
650 3430 796 3496 Africam
816 3428 951 3517 recepit,
975 3424 1030 3491 sed
1051 3447 1117 3512 quo
1138 3422 1228 3491 bello

121 3543 212 3611 civili
232 3544 267 3609 in
292 3542 450 3633 Hispania
477 3543 572 3610 finem
593 3542 762 3633 imposuit,
785 3541 882 3606 Varr.
904 3538 1028 3605 scilicet
1049 3536 1125 3602 709.
1174 3535 1228 3603 Sic

123 3658 210 3723 enim
225 3680 334 3723 coaeva
355 3678 517 3723 marmora
533 3655 710 3744 capitolina
723 3666 824 3743 atque
839 3653 1010 3719 colotiana.
1058 3650 1113 3714 Sic
1126 3648 1226 3714 etiam
1292 3661 1300 3703 ’.

122 3770 225 3836 ooaevi
242 3769 343 3834 numi.
389 3767 469 3835 Imo'
483 3780 609 3845 auctor,
634 3791 733 3856 quem
760 3767 966 3854 sequebatur.
1013 3759 1227 3827 Plutarchus:

10 3934 16 3955 .
121 3881 236 3949 melius
255 3881 390 3959 scilicet,
414 3904 512 3969 quam
531 3880 597 3958 alii,
622 3880 720 3945 etiam
742 3890 882 3954 veteres,
904 3898 963 3940 nec
984 3872 1027 3937 ab
1047 3871 1108 3937 hoc
1119 3870 1228 3937 seculo

122 3996 296 4096 admodum
323 3992 451 4069 remoti,
471 3992 529 4080 qui
555 3992 751 4057 dictaturam
782 3987 917 4054 casaris
947 3982 1072 4048 unitate
1105 3982 1228 4049 faciunt

123 4107 313 4177 auctiorem.
361 4105 465 4172 Hirtii
488 4104 584 4170 etiam
608 4125 779 4193 personam
816 4098 939 4189 arguit,
963 4095 1053 4186 quod
1075 4095 1134 4161 hoc
1155 4106 1228 4163 toto

123 4218 212 4287 bello
238 4218 417 4308 Hispanico
439 4217 483 4284 sic
505 4213 653 4306 loquitur
673 4225 801 4291 auctor,
824 4208 916 4302 quasi
930 4209 1000 4297 ipse
1015 4218 1154 4297 pr'aesens
1172 4204 1230 4274 ad·
