2909 4809
455 296 541 367 um.
565 296 593 365 1.
638 298 883 405 cras-11.
1194 312 1216 378 ιι

179 484 226 551 lt).
253 481 603 560 amarissimarum,
615 482 1018 568 Helvetiisesseinanimo,
1099 515 1215 585 agrum

129 572 402 658 Sequanorumet
418 569 598 635 AEduorum
618 570 680 635 iter
695 572 727 637 in
741 573 918 640 Santonum
938 576 1014 643 fines
1095 605 1142 658 re,
1157 586 1216 672 qui

97 652 101 657 ’
128 680 193 723 non
217 657 313 757 longe
338 680 359 721 a
382 655 581 722 Tolosatium
604 656 720 723 finibus
739 658 869 737 absunt,
892 686 965 750 quse
984 665 1096 732 civitas
1113 671 1234 738 estin
1316 674 1324 689 ¹

130 743 313 809 Provincra.
360 741 398 807 ld
411 741 552 818 sifieret,
573 742 792 831 intellegebat,
813 770 865 811 ma
887 771 929 814 no
950 774 1023 822 cum
1040 753 1216 823 Provincias

128 830 276 918 periculo
290 829 450 905 futurum,
466 841 504 893 ut
523 828 663 895 homines
677 830 856 908 bellicosos,
865 771 992 923 impuli
1011 838 1147 908 Romani
1158 844 1217 909 ini-

128 917 240 992 micos,
255 916 334 982 locis
348 916 534 1004 patentibus
550 917 750 1017 maximeque
764 918 980 987 frumentariis
990 922 1152 993 finittunos
1162 928 1217 1005 haf

128 1002 232 1067 beret.
266 1002 321 1067 Ob
335 1024 387 1067 eas
402 1026 523 1067 caussas
542 1002 572 1066 ei
586 1003 769 1079 munitioni,
807 1028 881 1072 uam
895 1007 1025 1085 fecerat,
1047 1012 1086 1078 T.
1104 1013 1217 1080 labie.

130 1110 206 1155 num
232 1088 392 1176 Legatum
415 1088 576 1177 praefecit:
603 1089 670 1177 ipse
693 1091 727 1154 in
748 1028 874 1156 ltiliam
897 1096 1020 1196 magnis
1048 1098 1218 1168 itineribus

129 1175 306 1251 contendit,
317 1176 460 1263 duasque
472 1174 517 1239 ibi
532 1174 671 1262 legiones
685 1177 857 1243 conscribit
870 1192 904 1244 et
918 1192 988 1258 tris,
1008 1208 1082 1273 qua
1095 1187 1218 1255 cneum

132 1262 315 1350 Aquileiam
329 1259 523 1336 hiemabant,
543 1285 582 1325 ex
605 1259 745 1328 hibernis
767 1264 874 1330 educit
887 1278 932 1341 et,
953 1292 1019 1356 qua
1033 1274 1218 1371 proximum

131 1350 190 1414 iter
214 1349 248 1413 in
264 1348 456 1413 ulteriorum
478 1347 617 1413 Galliam
635 1372 694 1449 per
714 1350 815 1439 Alpes
828 1366 910 1428 erat,
925 1378 998 1420 cum
1011 1356 1060 1421 lus
1074 1360 1153 1447 quin
1176 1384 1218 1427 ue

131 1435 310 1523 legionibus
325 1434 373 1499 ire
384 1434 558 1501 contendit.
605 1432 655 1500 lb1
677 1436 855 1503 Ceutrones
874 1452 908 1504 et
925 1441 1086 1510 Graioceli
1100 1460 1134 1512 et
1153 1386 1219 1513 ba·

113 1521 363 1609 'turiges,locis
381 1520 602 1609 superioribus
623 1524 798 1611 occupatis,
818 1524 932 1590 itinere
951 1530 1126 1597 exercitum
1142 1558 1218 1621 pro-

130 1608 239 1673 hibere
250 1620 418 1674 conantur.
465 1608 696 1708 Compluribus
717 1608 765 1673 his
779 1611 903 1698 proeliis
918 1614 1029 1700 pulsis,
1046 1618 1090 1683 ab
1105 1619 1218 1697 Ocelo,

151 1694 217 1761 uod
231 1708 280 1759 est
293 1693 451 1761 citerioris
465 1694 641 1760 Provincia
649 1707 840 1772 extremum,
853 1698 886 1762 in
894 1696 971 1764 fines
985 1700 1220 1773 Vocontiorum

131 1805 151 1845 u
164 1780 293 1863 terioris
320 1780 495 1847 Provinciae
515 1781 566 1845 die
587 1782 723 1870 septimo
745 1784 907 1870 pervenit:
934 1786 1005 1851 inde
1020 1787 1053 1853 in
1065 1790 1218 1859 Allobro·

172 1892 207 1932 ιιι
227 1866 317 1949 fines,
337 1867 380 1932 ab
401 1866 637 1955 Allobrogibus
657 1868 690 1933 in
716 1869 907 1956 Segusiauos
927 1874 1103 1941 exercitum
1116 1878 1218 1946 ducit.

129 1891 176 2019 lli
191 1967 268 2019 sunt
281 1966 373 2019 extra
386 1954 588 2019 Provinciam
604 1966 690 2019 trans
705 1953 898 2019 Rhodanum
937 1956 1020 2023 rimi'.

175 2043 225 2107 ll.
252 2040 396 2105 Helvetii
415 2040 482 2129 jam
505 2062 563 2129 per
578 2062 617 2105 an
642 2040 740 2106 ustias
762 2053 796 2105 et
819 2039 896 2107 fines
912 1981 1136 2132 lequanorum
1149 2074 1221 2118 suas

129 2128 238 2216 copias
253 2127 497 2193 transduxerant
505 2138 538 2191 et
550 2127 582 2192 in
596 2062 863 2193 AEduorumlines
874 2146 1086 2217 pervenerant
1095 2158 1222 2203 eorum·
1265 2135 1269 2147 ¹

150 2238 192 2279 ue
219 2236 316 2301 agros
345 2213 598 2301 populabantur.
645 2212 755 2289 AEdui,
777 2238 885 2302 quum
913 2241 945 2281 se
972 2242 1093 2308 suaque
1118 2222 1162 2287 ab
1184 2225 1222 2291 iis

168 2301 296 2366 ferdere
310 2322 374 2366 non
390 2312 529 2387 possent,
554 2300 677 2388 legatos
691 2300 732 2365 ad
748 2301 907 2367 Caesarem
920 2304 1056 2372 mittunt
1071 2322 1223 2396 rogatum
1238 2361 1244 2369 .
1297 2308 1301 2322 '

129 2388 303 2452 auxilium:
329 2394 351 2427 “
366 2386 411 2451 ite
425 2410 457 2451 se
472 2386 558 2451 omni
573 2396 721 2475 tempore
731 2388 771 2453 de
789 2387 917 2477 Populo
932 2390 1078 2459 Romano
1092 2398 1225 2465 meritos

131 2484 153 2513 “
167 2496 244 2549 esse,
269 2486 307 2539 ut
333 2496 422 2561 paene
449 2474 481 2539 in
505 2488 678 2561 conspectu
706 2474 864 2540 exercitus
887 2478 989 2541 nostri
1005 2480 1075 2566 agri
1091 2485 1223 2561 vastari,

132 2570 152 2600 “
167 2560 262 2625 liberi
285 2582 398 2626 eorum
421 2560 455 2625 in
468 2558 655 2627 servitutem
678 2560 807 2635 abduci,
830 2562 952 2649 oppida
965 2569 1143 2665 expugnari
1158 2593 1223 2637 non
1262 2628 1271 2649 Ι

132 2658 154 2689 “
169 2646 371 2713 debuerint.”
415 2646 537 2713 Eodem
558 2659 704 2734 tempore
721 2647 887 2722 Ambarri,
909 2652 1075 2717 necessarii
1095 2666 1129 2718 et
1150 2678 1223 2721 con·

165 2858 345 2908 haudmar.
391 2858 474 2923 Vulgo
508 2860 653 2917 nunciatur,
703 2872 756 2907 rom
783 2856 865 2918 tradit,
896 2858 1019 2909 Caesarem
1050 2863 1138 2926 ἐμιχὶ,
1169 2863 1226 2917 stne

133 2931 216 2972 contra
227 2924 301 2971 codd.
311 2925 349 2983 (et
359 2924 416 2971 edd.
427 2924 489 2983 vet.)
499 2920 652 2987 Significatio
671 2958 674 2962 -
704 2938 795 2987 pugna,
807 2924 886 2987 Alpes
896 2932 948 2973 tran
1005 2942 1083 2977 asum.

132 2988 159 3036 lt.
170 2988 187 3036 l.
198 2986 374 3051 nihilquitlem
392 2987 489 3048 differt3
505 2990 549 3036 sed
562 2988 653 3051 quoeri·
720 2990 814 3047 ,strela
840 2989 937 3048 Strabo,
948 2990 965 3038 li
987 2993 1028 3038 ,4.
1042 3008 1071 3067 p.
1087 2995 1140 3044 1¹19.
1157 2994 1224 3045 Oc‘e.

132 3060 177 3112 tur,
193 3069 250 3115 quse
262 3068 321 3101 vera
330 3050 406 3101 lectio
417 3052 457 3101 sit.
479 3054 517 3102 M.
703 3054 756 3102 lum
767 3054 840 3101 llnem
851 3062 922 3102 terrm
935 3054 1013 3103 Cottii
1023 3056 1096 3117 dixit,
1110 3074 1166 3121 quse
1177 3061 1226 3110 tuit

164 3120 215 3172 Qas'
223 3121 348 3183 mulooqe
357 3143 391 3153 -
399 3122 426 3167 in
435 3120 571 3168 Ρτοιῆιιιία.
583 3112 655 3167 Glo's·
703 3116 728 3167 in
741 3119 772 3166 Al
791 3118 850 3167 ibus
858 3118 959 3168 Cottiis.
979 3120 1037 3168 Fuit
1046 3138 1107 3185 ergo
1118 3122 1225 3174 Ocelum

132 3182 206 3231 satori
219 3182 273 3230 haec
293 3182 378 3231 deberi
389 3182 528 3231 arbitratur.
546 3182 565 3231 l.
576 3181 606 3232 C.
618 3184 653 3231 ll.
703 3182 760 3231 flnis
769 3134 903 3247 dintpinae
913 3183 1002 3233 Galliae
1012 3185 1038 3233 in
1048 3187 1157 3249 Alpibus
1161 3207 1169 3251 3
1186 3190 1225 3239 ri·

164 3247 535 3311 Manlttoni,qucmsecerot.cl.
545 3263 569 3308 c.
580 3252 604 3296 8.
617 3248 653 3296 M.
703 3262 759 3307 cus,
775 3262 805 3297 an
824 3248 955 3324 oppidum,
976 3264 1024 3297 non
1046 3251 1133 3313 liquet.
1165 3256 1224 3305 Ceu.

164 3314 276 3361 Italiam.
293 3309 399 3361 Galliam
410 3311 562 3361 citeriorem.
578 3311 618 3360 Cf.
630 3327 653 3360 c.
705 3314 813 3371 Ooetum,
828 3314 891 3362 altas
913 3316 1034 3374 Urellum,
1049 3330 1114 3364 nunc
1130 3320 1224 3370 Uaeoa.

130 3382 170 3438 24,
183 3376 227 3426 ubi
239 3377 279 3425 lrae
289 3377 401 3439 legiones
411 3376 526 3427 dicuntur
535 3376 560 3425 in
572 3378 654 3425 Gallia
705 3376 738 3425 V.
758 3378 883 3427 d'Anville
908 3378 934 3426 in
960 3378 1019 3428 Not.
1039 3380 1114 3429 dela
1134 3382 1223 3445 Gaule,

130 3442 248 3491 citeriore
265 3442 422 3505 conscripta.
456 3442 493 3490 De
504 3442 654 3505 legionibus,
703 3456 729 3507 p.
743 3446 800 3491 ⁵⁰1.
1166 3497 1168 3504 Ι

129 3504 315 3571 quibuscomes
325 3506 350 3555 in
362 3508 410 3555 lroc
421 3506 489 3555 bello
501 3508 653 3565 ususest,de
741 3507 918 3565 Vocontiorum,
933 3506 1016 3571 Caput
1034 3510 1224 3563 Vasionemnc·
1296 3564 1300 3569 ,

130 3588 215 3621 samm
226 3570 379 3631 nominibus,
395 3574 426 3620 de
436 3588 526 3634 genere
536 3571 653 3631 militum,
703 3570 782 3619 minat
800 3572 870 3621 Melo
886 3578 912 3631 9,
929 3578 952 3635 t,
971 3575 1036 3623 unde
1052 3578 1125 3627 sedes
1145 3579 1225 3629 mani-

129 3637 222 3701 qnibus
239 3637 395 3695 constabant,
412 3637 443 3684 de
459 3652 543 3686 earum
556 3636 651 3685 sortitu·
702 3636 775 3685 testa.

129 3701 188 3751 dine
210 3710 236 3749 et
261 3701 336 3750 rebus
355 3701 442 3765 gestis.
460 3708 541 3751 exstat
556 3700 653 3750 erudite
737 3703 891 3764 Seqttrianos.
905 3702 1029 3753 Malenlii
1041 3706 1192 3755 sanem

131 3766 226 3830 scripta
236 3764 375 3829 disputatio
386 3766 410 3815 in
422 3766 496 3827 libro,
513 3765 555 3831 qui
566 3766 654 3815 inscri-
738 3767 837 3817 Meritos
847 3782 904 3817 esse.
939 3770 970 3817 V.
980 3786 1003 3817 c.
1012 3775 1052 3819 43.
1062 3782 1088 3818 et
1099 3770 1196 3828 Strabo,
1206 3770 1224 3821 l.

130 3830 207 3889 bitur,
227 3830 500 3895 Mlmcirescritiques
514 3830 654 3881 et·histori-
703 3832 816 3892 apes.
847 3831 950 3880 Tacitus
966 3836 1030 3882 Anu.
1044 3836 1082 3894 ll,
1099 3838 1140 3883 25.
1172 3836 1225 3884 Eu·
1256 3895 1259 3904 .
1323 3902 1326 3906 1

129 3912 192 3959 ques
203 3912 245 3944 sur
263 3896 388 3960 plusieurs
405 3896 487 3960 points
497 3894 654 3961 rl’antiquitts
703 3894 779 3943 menii
790 3910 879 3961 paneg.
889 3896 1053 3961 Constantini,
1069 3916 1092 3948 c.
1103 3906 1127 3947 2.

129 3960 263 4009 militaires
274 3977 319 4024 par
327 3960 574 4021 CharlesGuichard,
583 3976 653 4011 nom·
739 3960 819 4009 AEdut'
829 3963 952 4010 Ἀιιώὶινή.
984 3964 1224 4029 Edd.vulgg.ltnnc

130 4024 171 4073 me
192 4024 302 4084 Quintus
323 4025 418 4075 lcilius.
440 4026 549 4077 Tom.3.
570 4044 595 4090 p.
608 4029 654 4074 1-
704 4024 789 4073 locum
808 4024 844 4075 sic
858 4024 993 4075 exhibent:
1011 4029 1224 4093 Eodemtsmpme,

134 4091 187 4139 130.
205 4089 320 4155 inprimis
330 4094 395 4140 Sect.
408 4092 427 4140 l.
437 4099 463 4139 et
474 4092 504 4139 ll.
526 4094 563 4141 M.
722 4104 752 4137 uo
763 4090 851 4151 ιΕιΙιιὶ,
863 4092 978 4140 Ambam'
986 4095 1160 4158 quoqueqsed
1169 4094 1225 4143 nul-

165 4158 296 4205 Gras'oeelr'.
316 4156 373 4205 lloc
396 4156 513 4205 Davisius
533 4172 578 4220 pro
587 4157 655 4221 vulg.
703 4104 720 4202 l
763 4218 769 4229 ι

135 4222 246 4271 Gmoeelt
266 4220 382 4269 restituit.
399 4221 497 4273 Nomen
515 4222 656 4271 habuerunt
704 4218 905 4269 suasitClarkios
922 4221 986 4270 hanc
1003 4223 1151 4271 lectionem:
1174 4226 1224 4273 Bo·

129 4284 162 4335 ab
174 4284 284 4349 Alpibus
294 4284 376 4336 Graiis
385 4296 410 4335 et
420 4286 510 4337 Ocelo.
527 4288 564 4335 M.
703 4284 759 4332 dem
775 4292 847 4348 temp.
869 4286 950 4335 AEdss'
972 4287 1086 4337 Ambarri
1104 4302 1225 4337 necas.-

164 4352 340 4414 Geminabit
347 4368 389 4415 pr.
397 4354 480 4417 pulsia
520 4350 568 4400 Rei
580 4352 655 4415 hujus
704 4363 779 4411 quam
801 4349 994 4417 Oudendorpius
1015 4351 1124 4417 recepitr
1150 4360 1225 4415 atque

131 4414 247 4467 meminit
257 4414 400 4479 Polyaenus,
415 4420 439 4476 8,
449 4421 491 4467 2³.
506 4418 549 4469 scd
567 4432 654 4485 perpe·
700 4412 739 4463 ite
747 4421 804 4464 sunt
813 4416 928 4468 Ambarri
939 4415 1115 4482 pancivitatis
1127 4417 1225 4482 Maiae,

715 4168 744 4201 us
753 4156 833 4202 codex
844 4156 921 4204 habet
930 4171 978 4220 quo
988 4166 1014 4206 et
1025 4172 1129 4222 qaoque.
1157 4160 1224 4223 Ergo
1312 4160 1317 4167 “
