2909 4809
239 248 284 317 ni
545 249 746 318 susurru
770 249 1028 319 nonwuuur
1100 225 1103 229 ’
1193 254 1199 263 ’

21 490 31 497 .
152 418 153 423 ¹
235 446 323 503 certe
349 434 507 525 loquitur,
534 438 626 525 quasi
647 438 762 507 saltem
785 461 851 505 uno
874 439 982 527 plures
1006 436 1067 503 hoc
1086 433 1174 502 idem
1192 430 1348 501 officium
1451 451 1452 524 ἧ

235 546 455 635 praestiterint.
512 546 662 623 Quonam
688 552 768 614 iero
792 547 828 613 id
857 561 954 638 pacto
980 570 1095 615 verum
1120 568 1186 611 ame
1212 544 1348 633 potuit,

234 655 391 743 siquidem
416 656 458 723 ad
486 658 586 745 ipsam
607 658 741 725 Caesaris
761 658 879 725 caedem
901 683 952 725 res
978 670 1084 749 gestas
1102 656 1238 723 Gnatis
1260 678 1349 743 per-

231 766 366 857 duxerit
387 768 542 837 Hirtiusl
597 770 737 859 Nempe,
758 783 797 836 ut
823 772 950 860 opinor,
977 771 1068 859 quod
1092 793 1113 835 a
1133 769 1237 835 Hirtii
1255 789 1346 850 norr-

234 874 341 945 nulla.
355 876 523 966 perlerint,
547 881 700 969 suppleta
727 905 748 946 a
768 880 858 948 Julio
881 882 989 959 Celso,
1015 879 1346 974 alienissimaqueab

236 988 339 1055 Hirtii
367 1002 474 1057 mente
499 991 657 1056 sententia
685 992 892 1083 interpolata·
941 993 1034 1059 Bello
1061 1004 1150 1058 certe
1179 992 1347 1057 Africano

232 1112 334 1190 atque
362 1102 539 1192 Hispanico
564 1102 668 1169 multa
692 1103 840 1191 legimus,
866 1128 940 1192 quae
973 1104 1029 1169 vix
1060 1104 1134 1179 aovi,
1158 1124 1225 1190 quo
1252 1101 1347 1168 vixit

236 1210 378 1290 Hirtius,
409 1236 476 1279 asse
507 1214 685 1301 potuerint,
712 1214 832 1281 nedum
857 1215 957 1302 ipsius
987 1214 1100 1281 Hirtii.
1155 1212 1201 1279 Et
1227 1224 1345 1279 tamen

220 1324 399 1391 ¹uiceversa
412 1325 577 1404 nonnulla,
599 1349 673 1413 quae
687 1350 831 1393 coaevum
844 1327 965 1416 stylum
979 1324 1128 1415 sapiant,
1141 1346 1206 1391 nou
1223 1334 1345 1389 autem

231 1434 339 1513 illum,
364 1434 422 1523 qui
445 1460 465 1503 a
488 1436 615 1525 juniore
636 1436 1003 1535 fueritinterpolatore.
1049 1438 1105 1504 Ab
1122 1435 1223 1503 Hirtii
1236 1435 1344 1503 etiam

138 1532 147 1543 “
232 1547 285 1613 vel
314 1557 411 1615 aetate
439 1546 471 1613 iu
495 1548 580 1617 libro
599 1549 640 1617 de
666 1550 756 1617 bello
780 1550 933 1615 Africano
962 1548 1118 1618 abhorret
1145 1572 1222 1615 usus
1244 1545 1343 1613 vocis

233 1667 257 1701 ‘⁴
272 1659 487 1748 imperator,”
510 1684 577 1749 quo
591 1686 676 1750 saepe
689 1663 907 1753 disceptatum
918 1662 1000 1730 dicit
1013 1675 1142 1738 auctor,
1164 1662 1238 1750 quis
1248 1672 1342 1727 esset

231 1794 294 1859 pro
310 1770 426 1862 populi
440 1774 564 1841 romani
578 1774 774 1862 imperatore
788 1772 1020 1863 agnoscendus,
1037 1774 1145 1857 Caesar
1155 1794 1198 1839 an
1207 1770 1339 1860 Scipio.

233 1882 333 1959 Quasi
347 1882 499 1951 nimirum
519 1884 633 1951 unicus
644 1897 725 1951 esset
739 1884 855 1976 populi
869 1884 1008 1959 romani,
1033 1896 1071 1949 ut
1092 1894 1217 1972 postea,
1233 1882 1340 1969 impe-

231 2005 334 2070 rator,
349 1995 407 2081 qui
422 1997 470 2061 rei
484 2018 615 2063 summae
634 2013 794 2085 praeesset.
843 1996 918 2063 Hoc
931 2008 1040 2063 autem
1060 1994 1171 2060 seculo
1192 1993 1250 2081 qui
1270 1993 1341 2060 sin·

232 2103 319 2191 gulis
333 2125 472 2169 romaum
485 2105 617 2171 ditionis
640 2106 813 2193 provinciis
833 2118 995 2195 praeerant
1014 2129 1089 2171 cum
1109 2105 1256 2193 imperio,
1277 2128 1342 2171 seu

235 2238 308 2283 cum
330 2218 405 2305 jure
433 2217 552 2307 gladii;
583 2218 605 2283 ii
631 2220 842 2307 imperatores
863 2218 1079 2285 habebantur.
1134 2216 1201 2283 Vix
1228 2230 1342 2283 tamen

236 2324 284 2393 ita
298 2324 562 2415 adpellabantur,
575 2327 637 2395 nisi
648 2329 692 2395 ob
706 2352 757 2395 res
772 2340 876 2416 gestas
896 2328 1106 2417 imperatores
1126 2327 1170 2393 ab
1191 2326 1344 2392 exercitu

234 2436 369 2505 fuissent
392 2439 570 2507 acclamati.
629 2442 684 2507 Sic
713 2453 823 2507 autem
854 2442 1012 2507 Caesarem
1041 2440 1271 2527 imperatorem
1294 2460 1345 2503 ne

229 2548 363 2637 quidem
391 2562 544 2638 poterant
570 2574 688 2640 negare
711 2550 910 2640 Pompeiani,
930 2552 982 2617 cui
1004 2548 1170 2652 dictatura
1190 2550 1297 2615 fuerat
1319 2575 1344 2617 e

232 2661 391 2729 sententia
407 2662 544 2727 Senatus
557 2661 737 2751 populique
751 2662 875 2727 romani
888 2660 1018 2727 delata:
1043 2662 1167 2750 quippe
1181 2659 1346 2727 etiamab

231 2769 380 2837 exercitu
407 2770 584 2857 imperator
607 2769 721 2849 fuisset
743 2770 935 2858 appellatus.
981 2768 1048 2837 Sed
1069 2792 1128 2835 nec
1142 2767 1222 2835 illud
1235 2768 1345 2834 coaevi

160 2878 162 2883 ’
198 2912 203 2921 ·
228 2877 324 2943 fuisse
351 2877 491 2954 videtur,
515 2878 605 2964 quod
628 2899 745 2954 mense,
769 2901 835 2966 quo
859 2880 965 2945 Caesar
987 2881 1020 2943 in
1043 2880 1191 2945 Africam
1203 2878 1347 2968 appulit

230 2988 401 3066 Januario,
417 2988 531 3053 scribit
544 3000 660 3054 auctor
677 3012 736 3077 per
751 2990 825 3054 anni
840 3001 968 3077 tempus
986 2990 1020 3055 iu
1041 2990 1123 3055 mari
1143 2990 1259 3055 classes
1271 2990 1345 3055 sine

227 3100 375 3191 periculo
389 3099 501 3189 vagari
513 3120 577 3163 non
592 3098 744 3187 potuisse.
791 3099 944 3165 Octobris
954 3100 1038 3165 enim
1050 3100 1073 3167 J
1075 3100 1177 3166 uliani
1186 3100 1241 3167 dis
1253 3100 1344 3167 XIII

229 3211 329 3309 coepit
343 3208 418 3276 anni
432 3206 628 3273 confusionis
643 3205 707 3271 708
721 3207 777 3272 ille
793 3207 982 3286 Ianuarius,
997 3212 1141 3299 exiitque
1155 3223 1233 3276 ante
1248 3212 1344 3281 Nov.

228 3321 290 3396 XI,
318 3344 400 3408 quo,
416 3319 500 3387 haedi
532 3318 736 3397 oriebantur,
767 3341 835 3406 quo
863 3332 940 3384 ortu
962 3322 1062 3409 coepit
1081 3320 1220 3410 Epocha
1241 3322 1346 3389 maris

230 3433 339 3505 clausi.
386 3432 483 3509 Quod
500 3436 603 3520 porro'
616 3432 664 3499 ait
685 3432 907 3506 centurionem
930 3434 1064 3501 Caesaris
1084 3435 1232 3503 XXXVI
1248 3437 1345 3505 annis

231 3570 293 3638 pro
310 3542 444 3611 Ooesaris
458 3542 619 3630 dignitate
638 3543 842 3630 victoriaque
863 3542 1078 3633 depugnasse,
1099 3545 1147 3612 ita
1167 3548 1345 3617 manifesto

230 3656 347 3724 falsum
372 3662 434 3734 est,
456 3664 496 3717 ut
518 3674 604 3740 aegre
628 3652 726 3716 scribi
749 3651 928 3740 potuerita
943 3676 1061 3721 coaevo.
1106 3656 1343 3726 Detrahantur

231 3788 252 3829 a
267 3764 422 3854 praedicto
436 3760 632 3829 confusionis
645 3782 728 3827 anno
741 3760 806 3825 708
820 3761 896 3828 anni
909 3761 964 3837 36,
987 3764 1133 3852 reliquus
1153 3767 1217 3833 erit
1237 3791 1345 3836 annus

232 3874 279 3941 U.
292 3876 334 3939 C.
349 3872 542 3939 Varronian.
558 3872 634 3951 672,
648 3894 715 3960 quo
724 3872 786 3939 sub
798 3870 924 3939 Caesaro
935 3876 1053 3941 mereri
1059 3878 1346 3970 coeperit.[Atqui

176 3974 184 3983 ’
231 3995 356 4050 certum
383 3996 431 4048 est
455 3983 593 4070 primam
615 3982 752 4049 Caesaris
776 3984 977 4072 provinciam
996 3986 1092 4053 fuisse
1117 4011 1160 4055 ex
1181 4004 1346 4080 praetura,

98 4153 105 4164 ,
234 4117 322 4161 anuo
336 4093 434 4159 Varr.
451 4092 526 4158 692.
563 4092 680 4161 Doluit
693 4106 852 4183 praetcrea
867 4096 974 4164 Caesar
986 4110 1069 4165 teste
1083 4102 1256 4181 Suetonio,
1265 4130 1295 4173 c.
1307 4106 1346 4175 7.

237 4204 329 4298 quod
342 4204 514 4275 nihildum
529 4229 549 4273 a
562 4230 595 4274 se
609 4207 819 4278 memorabile
838 4221 967 4300 gestum
990 4226 1071 4282 esset
1090 4216 1125 4285 in
1145 4229 1256 4300 aetate,
1278 4242 1351 4313 qua

259 4438 277 4485 l
