2909 4809
487 231 495 238 ’
517 257 608 338 tte:
649 258 755 336 clu.
777 261 877 336 4-6,
1177 269 1241 336 477
1258 236 1267 266 ⁹

149 463 172 495 “
192 455 287 524 Unus
296 459 378 532 est,”
395 455 515 544 inquit,
528 455 677 545 “Scipio
691 455 872 546 Imperator
886 453 947 524 hoc
961 467 1108 546 tempore
1126 455 1244 546 Populi

148 552 173 582 ‘⁴
191 541 363 612 Romania
398 543 521 610 Deinde
537 543 571 610 in
593 555 768 635 conspectu
792 568 850 611 suo
872 543 1040 645 captivum
1064 543 1175 610 statim
1198 544 1245 610 in·

146 627 251 696 terlici
262 630 356 719 jubet
365 631 554 719 litterasque
565 629 710 698 nondum
720 631 890 721 perlectus,
902 644 987 696 sicut
996 631 1244 719 erantsignetae,

146 713 209 782 dat
221 715 343 802 homini
354 729 447 784 certo
458 717 504 784 ad
520 717 705 806 Scipionem
716 717 932 808 perferendas.
1347 710 1356 732 ’

193 802 226 866 5.
264 803 451 891 Postquam,
479 827 545 870 una
569 816 666 872 nocte
688 819 724 872 et
745 804 799 872 die
823 802 865 870 ed
883 801 1041 892 oppidum
1065 815 1244 880 commta,

148 911 255 976 neque
274 913 463 980 responsum
477 890 583 959 ullum
600 916 621 958 a
643 891 796 959 Considio
811 889 973 964 debetur3
996 912 1035 956 ne
1059 913 1100 954 ue
1121 888 1153 956 ei
1172 889 1246 954 reli·

148 977 339 1078 qusecopioe
351 978 607 1061 succurrebunt;
629 977 902 1080 nequeequitatu
917 977 1047 1042 abundo
1090 989 1127 1052 t;
1148 988 1183 1042 et
1203 975 1246 1040 ad

149 1060 1247 1252 tltlltl,⁰ltlt¹lssltl¹0”tltlttoetltltsll‘lttm

150 1233 307 1314 volebet;
328 1250 364 1305 et
388 1237 505 1328 oppidi
528 1240 661 1328 egregia
686 1237 824 1304 munitio
849 1251 883 1304 et
905 1235 1042 1304 difficilis
1061 1235 1104 1301 ed
1118 1235 1247 1324 obpug-

150 1322 296 1390 nandum
330 1336 401 1392 erat
432 1348 599 1401 occasun
641 1339 676 1392 et
707 1325 943 1392 nunciabantur
974 1321 1095 1390 auxilie
1130 1343 1249 1410 magna

149 1408 319 1495 equitatus
338 1411 507 1500 oppidanis
531 1413 695 1502 subpetias
721 1413 831 1478 venire
847 1436 856 1486 ;
885 1432 950 1476 non
964 1422 1011 1476 est
1026 1409 1093 1483 visa
1107 1408 1193 1474 retio
1207 1405 1249 1474 ad

149 1495 406 1586 obpugnandum
420 1497 577 1600 oppidum
590 1497 821 1574 commorandi,
833 1521 885 1577 ne,
897 1496 978 1564 dum
993 1496 1026 1561 in
1037 1519 1076 1562 ee
1088 1519 1125 1562 re
1139 1495 1249 1563 Caeer

49 1590 55 1604 ‘
150 1597 234 1648 esset
258 1599 449 1674 occupatus,
473 1600 711 1653 orreumventus
737 1609 757 1652 e
780 1598 874 1674 tergo
888 1583 932 1650 ab
946 1582 1095 1671 equitatu
1109 1580 1250 1648 hostium

154 1667 330 1746 laboraret.
515 1736 520 1744 ,

74 1769 81 1778 ·
197 1755 228 1820 6.
252 1754 379 1846 Itaque,
394 1772 501 1826 castra
514 1783 617 1847 quum
631 1782 760 1826 movere
785 1756 898 1836 vellet,
924 1755 1034 1837 subito
1059 1775 1100 1820 ex
1124 1751 1249 1843 oppido

151 1844 266 1933 erupit
289 1844 468 1912 multitudo
488 1857 588 1932 atque
607 1845 771 1932 equitatus
785 1843 925 1940 subsidio
945 1865 1013 1908 uno
1037 1853 1183 1929 tempore
1204 1839 1251 1906 eis

154 1953 230 1996 casu
253 1931 425 2011 succurrit,
447 1934 504 2019 qui
527 1941 599 1997 erat
613 1933 725 1998 missus
738 1931 782 1996 ab
797 1930 818 1995 J
821 1931 887 1994 uba
900 1927 943 1994 ed
958 1927 1156 2016 stipendium
1169 1926 1252 1992 ecci-
1280 1983 1283 1990 ,

154 2016 324 2106 piendum,
346 2032 525 2106 castraque,
548 2016 635 2085 unde
651 2017 759 2085 Caesar
774 2039 918 2104 egressus
933 2015 996 2080 iter
1018 2013 1124 2101 facere
1147 2037 1251 2102 coepe·
1279 2073 1285 2084 .

154 2117 221 2180 rat,
245 2117 406 2194 occupent
427 2116 462 2169 et
488 2104 556 2204 ejus
581 2127 698 2192 agmen
722 2115 903 2168 extremum
929 2100 1050 2188 insequi
1071 2112 1252 2201 coeperunt.

156 2189 237 2266 Qum
261 2214 312 2258 res
338 2214 439 2285 quum
464 2189 683 2260 ammadversa
704 2201 799 2268 esset,
825 2187 933 2254 subito
956 2185 1124 2274 legionerri
1137 2187 1261 2274 cuneis-p
1364 2201 1369 2210 ·

155 2289 243 2357 tunt,
257 2290 291 2345 et
305 2279 445 2380 equites,
468 2300 665 2366 quamquam
686 2287 779 2342 erent
801 2275 907 2364 pauci,
933 2285 1040 2343 tamen
1054 2285 1167 2340 contra
1182 2287 1254 2350 tan·

154 2375 224 2430 tam
247 2364 488 2431 multitudinem
504 2363 711 2449 audacissime
725 2373 934 2429 concurrunt.
981 2357 1113 2442 Accidit
1133 2383 1184 2428 res
1205 2361 1253 2426 in·

154 2450 331 2529 credibilis,
355 2465 396 2517 ut
415 2451 542 2541 equites
563 2451 667 2516 miuus
688 2450 824 2538 triginta
848 2447 937 2514 Galli
954 2445 1147 2514 Maurorum
1162 2445 1254 2536 equi,-
1282 2507 1288 2516 .

154 2549 227 2604 tum
249 2537 323 2627 *duo
348 2538 436 2626 milia
463 2537 536 2606 loco
571 2537 732 2625 pellerent
762 2547 1006 2622 urguerentque
1027 2533 1061 2598 in
1082 2533 1252 2622 oppidum.

158 2621 338 2713 Postquam
358 2625 479 2714 repulsi
494 2636 529 2690 et
548 2623 685 2713 conjecti
706 2635 799 2688 erent
821 2621 907 2687 iutra
922 2619 1126 2694 munitiones,
1144 2621 1254 2690 Caesar
1285 2679 1292 2692 ,

154 2710 219 2776 iter
233 2712 445 2778 constitutum
458 2713 505 2778 ire
519 2711 695 2778 contendit.
742 2707 840 2784 Quod
880 2731 956 2772 uum
967 2706 1083 2806 saepius
1098 2707 1254 2784 facerent,

156 2810 193 2862 et
207 2797 303 2864 modo
318 2800 576 2887 insequerentur,
591 2793 688 2864 modo
717 2818 827 2861 rursus
852 2813 873 2859 a·
921 2793 1085 2881 equitibus
1108 2792 1142 2858 in
1162 2791 1256 2882 oppi-

154 2883 235 2951 dum
261 2885 520 2973 repellerentur:
556 2882 744 2950 cohortibus
767 2879 876 2972 paucis
904 2905 944 2946 ex
973 2879 1144 2956 veteranis,
1173 2902 1256 2968 ques

156 2995 266 3038 secum
279 2971 431 3048 habebat,
447 2973 481 3038 in
495 2984 640 3038 extremo
658 2969 787 3058 agmine
804 2967 991 3042 conlocatis,
1007 2979 1041 3031 et
1098 2962 1148 3032 r'te
1165 2965 1256 3056 equi·

148 3071 259 3134 tatus,
283 3059 348 3125 iter
372 3058 488 3126 leniter
512 3082 586 3124 cum
610 3057 745 3146 reliquis
768 3055 873 3122 facere
888 3055 998 3156 coepit.
1044 2991 1108 3129 g,
1130 3067 1256 3141 quanto

158 3144 286 3234 longine
303 3147 347 3213 ab
366 3169 386 3212 o
434 3144 488 3210 ido
502 3143 740 3223 disoedebatur,
753 3153 844 3208 tanto
859 3141 1018 3209 tardiores
1031 3139 1073 3205 ad
1089 3141 1256 3230 insequen-

159 3231 240 3298 dum
265 3244 359 3299 erant
383 3169 544 3300 ldirnide
590 3229 726 3296 Interim
749 3229 782 3296 in
805 3229 920 3297 itinere
943 3253 982 3294 ex
998 3224 1126 3316 oppidis
1140 3241 1175 3294 et
1189 3251 1256 3294 cas·

159 3319 247 3387 tellis
260 3319 436 3410 legationes
448 3320 570 3394 venire,
587 3316 735 3407 polliceri
745 3317 945 3384 frumentum
959 3327 1155 3416 paratosque
1176 3337 1256 3392 esee,

142 3417 234 3494 ‘quae
248 3406 292 3471 im
335 3418 447 3484 resset,
462 3407 579 3471 facere.
626 3403 743 3491 ltaque
758 3427 797 3469 eo
816 3403 869 3471 die
888 3413 992 3470 castre
1019 3399 1183 3491 posurted
1197 3423 1256 3491 op·

159 3492 275 3584 pidum
323 3494 468 3582 uspinam
482 3489 636 3560 Kalendis
650 3489 825 3557 Januariis.
1206 3489 1211 3504 “

157 3669 232 3738 jobet
249 3672 320 3723 illico
339 3671 457 3722 insertiri.
478 3673 517 3722 ΙΙ.
548 3664 616 3720 istud
633 3673 684 3719 imo
769 3671 890 3732 Sipnataes.
924 3666 1099 3717 SicesVoler.
1115 3664 1187 3715 Max.
1198 3667 1223 3724 6,
1234 3669 1259 3727 5,

160 3743 245 3787 ortum
261 3737 383 3788 videtote
393 3753 458 3786 voce
477 3739 546 3801 Issp.
562 3735 631 3798 qood
646 3734 686 3783 vi·
726 3735 760 3784 -6,
781 3734 867 3798 Nepos
879 3733 967 3796 Pelop.
979 3735 1004 3792 8,
1017 3739 1041 3782 2.

161 3817 220 3879 spur
230 3801 504 3880 liquisioetoudeod.
529 3801 578 3849 Sed
595 3800 686 3849 Celsos
771 3801 901 3848 mm.
922 3798 997 3874 Ct3c.
1011 3801 1034 3846 1.
1051 3797 1089 3847 ΙΙ.

161 3867 353 4000 &liaffirini
367 3871 483 3982 gcaeigdi
500 3867 584 3980 elidit
601 3865 686 3993 {ipwa-
769 3863 1007 3994 qssoemdsqup.
1020 3895 1176 3990 eSoipione.
1188 3927 1223 3978 cl.
1233 3941 1259 3977 o.

164 3999 311 4062 vnn,qood
326 3995 640 4061 comioinsmpimerur
654 3995 686 4044 de
736 3997 762 4042 8.
778 3995 817 4042 Μ.

164 4061 465 4126 orbumditiouesgere
475 4061 581 4111 litteras.
773 4057 1090 4123 demerendorum
1099 4057 1260 4123 roddms·

204 4129 445 4180 vso-nomi.
471 4124 687 4192 Emonullocoe·
736 4130 850 4188 mque,
874 4125 943 4188 quod
972 4123 1039 4174 Oud.
1067 4131 1136 4173 reete
1163 4121 1261 4174 videtur

164 4193 359 4248 sarumudsts
367 4207 488 4260 arnono.
505 4193 544 4244 Μ.
736 4189 871 4254 glossema.
886 4189 926 4238 M.

772 4254 834 4309 Kal.
847 4255 995 4314 termera,
1004 4251 1033 4306 h.
1043 4269 1067 4306 e.
1082 4253 1125 4306 die
1139 4253 1169 4306 lt
1182 4253 1260 4304 Octo·
