2909 4809
229 234 292 302 696
558 233 598 299 C.
621 223 975 298 JULll'cAEsAms

230 417 366 488 Somtni
396 417 525 508 roganti
547 417 588 484 de
616 417 784 496 Mareello,
811 439 851 484 ne
872 419 890 456 ³
905 415 1038 482 hominis
1056 413 1186 503 quidem
1212 435 1327 479 osum

229 503 547 596 negaturum-Gir.
564 505 608 570 od
619 505 736 571 Famil.
752 505 786 582 4,
800 503 833 569 4.
850 505 893 570 od
904 503 971 570 Ser.
989 501 1180 589 Sulpicium.

274 662 441 730 Demetrio
456 663 564 751 Meges
585 661 697 728 Siculo
713 661 885 730 Dolabella
896 676 1014 750 rogatu
1031 684 1102 728 meo
1121 662 1284 728 civitatem
1301 685 1324 726 a

233 750 358 816 Cerere
372 749 576 837 impetravit:
596 749 711 835 quain
725 771 761 814 re
781 772 843 838 ego
862 749 1004 815 interfui.
1048 748 1165 835 ltaque
1180 771 1264 814 nuno
1282 747 1321 812 Ρ.

233 834 401 902 Cornelius
427 845 574 901 vocatur.
629 835 802 922 Quumque
831 849 964 924 propter
993 835 1147 924 quosdam
1174 833 1324 900 sordidos

230 921 383 998 homines,
404 919 462 1008 qui
477 919 608 987 Omns
633 918 788 988 beneficia
811 921 1005 1000 vendebant,
1026 919 1181 1014 tabulam,
1207 922 1324 1009 inqua

230 1007 358 1074 nomina
379 1006 510 1084 civitate
533 1005 726 1072 donatorum
752 1007 849 1074 ineisa
874 1021 987 1083 essent,
1017 993 1130 1072 revelli
1158 1007 1319 1072 'amisson

230 1092 332 1160 eidem
352 1093 540 1173 Dolabellae,
563 1117 614 1158 me
635 1093 797 1174 audiente,
822 1095 929 1162 Cesar
947 1093 1049 1160 dixit:
1087 1102 1108 1134 ‘⁶
1163 1092 1221 1158 ihil
1242 1117 1325 1167 esse,

233 1177 361 1330 :aod
373 1177 415 1243 de
432 1179 532 1268 Mega
545 1192 726 1253 vereretur-3
748 1179 936 1246 beneficium
949 1203 1041 1246 suum
1055 1180 1088 1246 in
1103 1203 1141 1244 eo
1154 1184 1321 1246 nranere.¹’

314 1263 321 1276 ’
338 1313 345 1328 .
361 1263 404 1334 od
416 1261 507 1332 Fam.
527 1265 579 1342 13,
593 1265 648 1331 36.
663 1267 707 1330 ad
720 1265 875 1332 Acilium.

514 1447 589 1534 ,nn
613 1449 652 1515 c.
675 1443 815 1516 Jnmo'
834 1443 1042 1514 'casana

238 1585 310 1649 Sao
339 1597 458 1662 tamen,
483 1585 602 1662 Brute,
626 1582 733 1671 inquit
755 1577 895 1659 Atticus,
919 1581 959 1646 de
982 1582 1108 1646 Gmsare
1127 1593 1161 1647 et
1183 1581 1250 1670 ipse
1281 1581 1327 1645 ita

234 1669 355 1759 judico,
370 1683 403 1736 et
416 1672 458 1736 de
471 1669 531 1740 hoe
544 1670 639 1758 hujus
653 1669 778 1756 generis
791 1669 943 1734 acerrimo
957 1668 1146 1733 aestimatore
1158 1667 1327 1756 saepissime

236 1757 345 1834 audio,-
364 1756 457 1822 illum
476 1757 618 1823 omnium
637 1755 705 1820 iere
725 1767 889 1820 oratorum
910 1754 1023 1819 Latine
1045 1755 1135 1840 loqui
1158 1753 1327 1843 elegantis-

235 1844 325 1918 sime,
347 1867 405 1908 neo
428 1843 460 1908 id
483 1842 587 1908 solum
611 1842 782 1908 domestica
808 1839 1049 1922 consuetudine,
1075 1851 1114 1904 nt
1137 1841 1262 1906 dudum
1287 1841 1328 1905 de

238 1929 412 1996 laliorum
430 1941 465 1993 et
481 1929 665 1994 Muciorum
680 1928 805 1993 familiis
817 1924 1034 2004 audiebamus,
1049 1927 1115 2002 sed,
1132 1949 1228 2015 quam
1253 1949 1327 1991 uam

238 2013 274 2080 id
298 2039 343 2104 qu
387 2039 428 2080 ae
447 2014 544 2080 oredo
563 2015 670 2087 fuisse,
697 2025 801 2080 tamen
827 2023 865 2077 ut
890 2025 971 2078 esset
992 2013 1138 2102 perlecta
1167 2013 1221 2078 illa
1229 1949 1326 2078 tlrene

238 2099 253 2166 l
297 2123 359 2166 nen
413 2101 494 2175 laus,
515 2099 624 2165 multis
643 2099 769 2174 litteris,
789 2111 822 2164 et
838 2099 874 2164 iis
887 2097 1015 2186 quidem
1034 2098 1206 2165 reconditis
1225 2111 1265 2164 et·
1274 2121 1326 2163 ex·

240 2187 455 2275 qmsitis-est
466 2197 662 2262 consecutus,
677 2186 839 2250 eto-Eo
855 2185 919 2250 Orc.
934 2185 971 2250 io
988 2185 1102 2262 Bono,
1117 2205 1143 2250 o.
1158 2185 1211 2248 72.

284 2345 350 2412 Sed
365 2369 477 2497 perge,
499 2343 667 2434 Pomponi,
693 2344 733 2409 de
763 2346 897 2424 casare,
921 2359 955 2411 et
973 2344 1073 2412 redde
1100 2369 1173 2434 quae
1197 2357 1327 2410 restant·

240 2433 354 2499 Solum
367 2432 424 2520 qrir
446 2455 508 2509 em,
525 2431 629 2520 inquit
640 2430 708 2506 ille,
721 2443 754 2495 et
766 2433 854 2518 quasi
866 2433 1106 2498 fundamentum
1117 2433 1252 2499 oratorie
1265 2444 1326 2494 eto.

242 2521 348 2587 ΟΜ
366 2531 474 2584 autem
493 2519 650 2584 rationem
670 2516 834 2593 adhibens,
860 2519 1120 2584 consuetudinem
1130 2518 1275 2584 vitiosam
1295 2529 1329 2581 et

240 2618 432 2695 oonruptam
447 2627 530 2694 pura
543 2616 578 2670 et
591 2599 780 2691 incorrupta
795 2596 1020 2669 consuetudine
1034 2605 1192 2670 emendat.
1219 2607 1326 2694 itaque

242 2691 394 2780 quumad
406 2691 488 2757 hano
502 2689 691 2778 elegantiam
706 2689 880 2755 verborum
894 2689 1094 2766 Latinorum,
1111 2715 1201 2778 quae,
1210 2691 1329 2757 etiamsi

241 2789 354 2844 orator
379 2799 442 2843 non
461 2777 512 2856 sis,
535 2789 570 2840 et
588 2777 629 2840 sis
644 2776 799 2863 ingenuus
821 2777 897 2841 civis
913 2777 1085 2852 Romanus,
1099 2791 1214 2842 'tamen
1227 2801 1327 2843 neees-

243 2864 328 2930 saria
341 2873 402 2939 est,
417 2863 514 2951 adjun
538 2862 563 2925 ‘t
576 2862 633 2927 illa
647 2861 786 2927 oratoria
796 2875 981 2928 ornamenta
992 2863 1135 2928 dicendi:
1160 2875 1230 2928 tum
1245 2863 1328 2930 vide-

241 2961 300 3015 tur
315 2961 475 3035 tamquam
491 2960 525 3011 ta
548 2947 616 3012 nlas
634 2949 714 3013 bene
736 2948 835 3035 pictas
856 2949 1021 3020 conlocare
1044 2948 1076 3013 in
1093 2950 1177 3015 bono
1191 2948 1327 3022 lumine;

125 3092 128 3100 ,
243 3033 326 3100 hanc
339 3054 439 3122 quum
460 3032 576 3098 habeat
596 3033 789 3122 praeeipuam
811 3033 937 3099 laudem
960 3036 992 3102 in
1015 3037 1243 3114 communibus,
1266 3059 1327 3102 non

245 3121 352 3197 video,
376 3119 429 3184 cui
446 3119 562 3184 debeat
582 3118 710 3183 oedere:
735 3117 930 3206 splendidam
949 3121 1122 3208 quamdam
1141 3121 1329 3209 minimeque

245 3204 474 3273 veteratoriam
504 3203 657 3270 rationem
685 3203 811 3270 dicendi
841 3219 939 3282 tenet,
973 3231 1062 3283 vooe,
1084 3221 1194 3286 motu,
1228 3207 1328 3274 fo'rma

247 3293 348 3366 etiam
365 3287 542 3378 magnifica,
566 3301 603 3356 et
624 3292 1040 3379 generosa-quodammodo.
1085 3293 1325 3360 TumBrutus:

251 3377 423 3444 Orationes
445 3374 575 3462 quidem
595 3377 664 3464 ejus
681 3389 742 3442 etc.
757 3389 857 3464 atque
876 3379 971 3444 etiam
985 3381 1226 3446 commentarios
1238 3403 1330 3468 quoe·

249 3465 327 3532 dam·
333 3461 459 3550 scripsit
470 3483 578 3528 rerum
587 3483 716 3528 suarum
727 3461 821 3528 valde
832 3464 972 3550 quidem,
985 3465 1126 3552 inquam,
1137 3467 1328 3552 probandos:

251 3548 331 3616 nudi
341 3549 424 3614 enim
437 3561 522 3625 sunt,
536 3550 628 3625 recti,
649 3561 682 3612 et
697 3550 834 3624 venusti,
851 3552 935 3616 omni
951 3563 1067 3616 ornatu
1089 3551 1239 3616 orationis
1253 3565 1328 3618 tam·

252 3657 349 3723 quam
370 3646 457 3700 veste
475 3634 631 3710 detracta.
657 3634 724 3708 sed,
747 3633 824 3700 dum
843 3635 949 3700 voluit
972 3637 1049 3702 alios
1072 3636 1190 3702 habere
1209 3651 1328 3724 parata,

228 3720 339 3786 'unde
361 3731 531 3795 sumerent,
557 3721 613 3805 qui
636 3720 756 3785 vellent
778 3721 915 3786 scribere
937 3719 1111 3796 historiam,
1126 3724 1242 3809 ineptis
1261 3748 1329 3812 gra·

252 3819 324 3873 tum
348 3807 480 3890 fortasse
502 3805 589 3881 fecit,
615 3807 797 3893 quivolnnt
811 3806 1064 3874 illaoalamistris
1084 3810 1223 3881 inurere,
1246 3831 1332 3874 sanos
1426 3849 1427 3852 =

277 3892 384 3958 uidem
411 3891 552 4040 hiim
581 3913 601 3956 a
631 3892 988 3969 seribend0,deterruit‚
1015 3895 1176 3960 eto-Ea
1202 3895 1270 3962 Cic.
1296 3897 1329 3962 io

286 3989 369 4056 rulo,
385 4000 413 4043 o.
474 3999 545 4062 ,sq.

350 4114 369 4152 ¹²
387 4115 435 4161 stc.
462 4113 581 4161 rotario
596 4113 678 4172 mitid,
697 4128 801 4178 nmque
815 4121 907 4166 sectam
926 4113 1069 4173 Lambinus,
1090 4117 1131 4165 cui
1146 4122 1231 4166 torreo
1248 4119 1332 4166 ominis

288 4178 420 4244 mssa
430 4176 536 4229 esem
551 4180 633 4242 imam
643 4179 705 4229 orde.
