<?xml version="1.0" encoding="UTF-8"?>
<!DOCTYPE html PUBLIC "-//W3C//DTD XHTML 1.0 Transitional//EN"
    "http://www.w3.org/TR/xhtml1/DTD/xhtml1-transitional.dtd">
<html xmlns="http://www.w3.org/1999/xhtml" xml:lang="en" lang="en">
 <head>
  <title>
</title>
<meta http-equiv="Content-Type" content="text/html;charset=utf-8" />
  <meta name='ocr-system' content='tesseract 3.04.00' />
  <meta name='ocr-capabilities' content='ocr_page ocr_carea ocr_par ocr_line ocrx_word'/>
</head>
<body>
  <div class='ocr_page' id='page_1' title='image "./cjuliicaesarisc00obergoog/cjuliicaesarisc00obergoog_0019.png"; bbox 0 0 2909 4809; ppageno 0'>
   <div class='ocr_carea' id='block_1_1' title="bbox 503 307 1219 379">
    <p class='ocr_par' dir='ltr' id='par_1_1' title="bbox 503 307 1219 379">
     <span class='ocr_line' id='line_1_1' title="bbox 503 307 1219 379; baseline -0.01 0"><span class='ocrx_word' id='word_1_1' title='bbox 503 309 834 379; x_wconf 82' lang='lat' dir='ltr'><strong>DISSERTATIO.</strong></span> <span class='ocrx_word' id='word_1_2' title='bbox 1021 310 1026 327; x_wconf 90' lang='lat'>&#39;</span> <span class='ocrx_word' id='word_1_3' title='bbox 1160 307 1219 373; x_wconf 81' lang='lat' dir='ltr'><strong>xiii</strong></span> 
     </span>
    </p>
   </div>
   <div class='ocr_carea' id='block_1_2' title="bbox 10 450 1217 696">
    <p class='ocr_par' dir='ltr' id='par_1_2' title="bbox 10 450 1217 696">
     <span class='ocr_line' id='line_1_2' title="bbox 10 450 1217 587; baseline -0.005 -23"><span class='ocrx_word' id='word_1_4' title='bbox 10 512 12 519; x_wconf 88' lang='lat'>&#39;</span> <span class='ocrx_word' id='word_1_5' title='bbox 105 498 177 587; x_wconf 82' lang='lat' dir='ltr'><strong>jam</strong></span> <span class='ocrx_word' id='word_1_6' title='bbox 199 450 389 563; x_wconf 82' lang='lat' dir='ltr'><strong>Alexander</strong></span> <span class='ocrx_word' id='word_1_7' title='bbox 408 498 523 565; x_wconf 88' lang='lat' dir='ltr'><strong>orbem</strong></span> <span class='ocrx_word' id='word_1_8' title='bbox 542 512 708 567; x_wconf 75' lang='lat' dir='ltr'><strong>&#39;terrarum</strong></span> <span class='ocrx_word' id='word_1_9' title='bbox 730 496 944 584; x_wconf 57' lang='lat' dir='ltr'><strong>subegisset„</strong></span> <span class='ocrx_word' id='word_1_10' title='bbox 968 493 1061 559; x_wconf 86' lang='lat' dir='ltr'><strong>AEtas</strong></span> <span class='ocrx_word' id='word_1_11' title='bbox 1074 492 1131 558; x_wconf 88' lang='lat' dir='ltr'><strong>illa</strong></span> <span class='ocrx_word' id='word_1_12' title='bbox 1145 505 1217 559; x_wconf 85' lang='lat' dir='ltr'><strong>erat</strong></span> 
     </span>
     <span class='ocr_line' id='line_1_3' title="bbox 112 600 1216 696; baseline -0.007 -23"><span class='ocrx_word' id='word_1_13' title='bbox 112 629 189 673; x_wconf 85' lang='lat' dir='ltr'><strong>ann.</strong></span> <span class='ocrx_word' id='word_1_14' title='bbox 213 606 276 685; x_wconf 84' lang='lat'><strong>33,</strong></span> <span class='ocrx_word' id='word_1_15' title='bbox 297 618 337 671; x_wconf 91' lang='lat' dir='ltr'><strong>ut</strong></span> <span class='ocrx_word' id='word_1_16' title='bbox 362 618 481 696; x_wconf 80' lang='lat' dir='ltr'><strong>praeter</strong></span> <span class='ocrx_word' id='word_1_17' title='bbox 503 606 583 673; x_wconf 88' lang='lat' dir='ltr'><strong>alios</strong></span> <span class='ocrx_word' id='word_1_18' title='bbox 605 606 701 673; x_wconf 91' lang='lat' dir='ltr'><strong>docet</strong></span> <span class='ocrx_word' id='word_1_19' title='bbox 726 607 825 673; x_wconf 89' lang='lat' dir='ltr'><strong>etiam</strong></span> <span class='ocrx_word' id='word_1_20' title='bbox 854 606 971 671; x_wconf 84' lang='lat' dir='ltr'><strong>Cicero</strong></span> <span class='ocrx_word' id='word_1_21' title='bbox 997 603 1144 692; x_wconf 87' lang='lat' dir='ltr'><strong>Philipp.</strong></span> <span class='ocrx_word' id='word_1_22' title='bbox 1173 600 1216 665; x_wconf 85' lang='lat' dir='ltr'><strong>V.</strong></span> 
     </span>
    </p>
   </div>
   <div class='ocr_carea' id='block_1_3' title="bbox 116 714 1219 810">
    <p class='ocr_par' dir='ltr' id='par_1_3' title="bbox 116 714 1219 810">
     <span class='ocr_line' id='line_1_4' title="bbox 116 714 1219 810; baseline -0.008 -24"><span class='ocrx_word' id='word_1_23' title='bbox 116 718 241 795; x_wconf 62' lang='lat' dir='ltr'><strong>Natus,</strong></span> <span class='ocrx_word' id='word_1_24' title='bbox 257 718 439 797; x_wconf 75' lang='lat' dir='ltr'><strong>ectCaesar</strong></span> <span class='ocrx_word' id='word_1_25' title='bbox 462 714 527 783; x_wconf 86' lang='lat' dir='ltr'><strong>lV.</strong></span> <span class='ocrx_word' id='word_1_26' title='bbox 558 718 608 786; x_wconf 89' lang='lat' dir='ltr'><strong>ld.</strong></span> <span class='ocrx_word' id='word_1_27' title='bbox 637 719 777 795; x_wconf 86' lang='lat' dir='ltr'><strong>Quintil.</strong></span> <span class='ocrx_word' id='word_1_28' title='bbox 807 742 882 801; x_wconf 76' lang='lat' dir='ltr'><strong>ann.</strong></span> <span class='ocrx_word' id='word_1_29' title='bbox 908 716 1005 783; x_wconf 88' lang='lat' dir='ltr'><strong>Varr.</strong></span> <span class='ocrx_word' id='word_1_30' title='bbox 1032 715 1106 781; x_wconf 86' lang='grc'><strong>654.</strong></span> <span class='ocrx_word' id='word_1_31' title='bbox 1162 714 1219 810; x_wconf 80' lang='lat' dir='ltr'><strong>Sic</strong></span> 
     </span>
    </p>
   </div>
   <div class='ocr_carea' id='block_1_4' title="bbox 115 818 1369 900">
    <p class='ocr_par' dir='ltr' id='par_1_4' title="bbox 115 818 1369 900">
     <span class='ocr_line' id='line_1_5' title="bbox 115 818 1369 900; baseline -0.002 -7"><span class='ocrx_word' id='word_1_32' title='bbox 115 837 237 894; x_wconf 78' lang='lat' dir='ltr'><strong>annum</strong></span> <span class='ocrx_word' id='word_1_33' title='bbox 249 830 293 893; x_wconf 88' lang='lat'><strong>33</strong></span> <span class='ocrx_word' id='word_1_34' title='bbox 307 818 484 895; x_wconf 71' lang='lat' dir='ltr'><strong>absoluerit</strong></span> <span class='ocrx_word' id='word_1_35' title='bbox 498 840 581 895; x_wconf 82' lang='lat' dir='ltr'><strong>anno</strong></span> <span class='ocrx_word' id='word_1_36' title='bbox 590 828 721 895; x_wconf 88' lang='lat' dir='ltr'><strong>demum</strong></span> <span class='ocrx_word' id='word_1_37' title='bbox 734 827 832 895; x_wconf 86' lang='lat' dir='ltr'><strong>Varr.</strong></span> <span class='ocrx_word' id='word_1_38' title='bbox 848 826 913 891; x_wconf 87' lang='grc'><strong>687</strong></span> <span class='ocrx_word' id='word_1_39' title='bbox 923 826 1052 891; x_wconf 86' lang='lat' dir='ltr'><strong>ineunte</strong></span> <span class='ocrx_word' id='word_1_40' title='bbox 1067 824 1222 900; x_wconf 86' lang='lat' dir='ltr'>Quintili,</span> <span class='ocrx_word' id='word_1_41' title='bbox 1363 823 1369 832; x_wconf 84' lang='grc'><strong>’</strong></span> 
     </span>
    </p>
   </div>
   <div class='ocr_carea' id='block_1_5' title="bbox 115 918 1224 1257">
    <p class='ocr_par' dir='ltr' id='par_1_5' title="bbox 115 918 1224 1257">
     <span class='ocr_line' id='line_1_6' title="bbox 115 918 1223 1029; baseline -0.006 -24"><span class='ocrx_word' id='word_1_42' title='bbox 115 939 209 1005; x_wconf 88' lang='lat' dir='ltr'><strong>annis</strong></span> <span class='ocrx_word' id='word_1_43' title='bbox 233 952 308 1029; x_wconf 89' lang='lat' dir='ltr'><strong>post</strong></span> <span class='ocrx_word' id='word_1_44' title='bbox 328 940 473 1029; x_wconf 81' lang='lat' dir='ltr'><strong>praedict.</strong></span> <span class='ocrx_word' id='word_1_45' title='bbox 496 940 567 1006; x_wconf 75' lang='lat'><strong>672</strong></span> <span class='ocrx_word' id='word_1_46' title='bbox 580 939 775 1027; x_wconf 89' lang='lat' dir='ltr'><strong>quindecim.</strong></span> <span class='ocrx_word' id='word_1_47' title='bbox 820 918 865 1005; x_wconf 41' lang='lat' dir='ltr'><strong>In&#39;</strong></span> <span class='ocrx_word' id='word_1_48' title='bbox 882 937 945 1003; x_wconf 92' lang='lat' dir='ltr'><strong>hoc</strong></span> <span class='ocrx_word' id='word_1_49' title='bbox 966 949 1074 1003; x_wconf 83' lang='lat' dir='ltr'><strong>tamen</strong></span> <span class='ocrx_word' id='word_1_50' title='bbox 1088 954 1223 999; x_wconf 82' lang='lat' dir='ltr'><strong>nurnero</strong></span> 
     </span>
     <span class='ocr_line' id='line_1_7' title="bbox 116 1042 1224 1142; baseline -0.007 -23"><span class='ocrx_word' id='word_1_51' title='bbox 116 1053 325 1121; x_wconf 83' lang='lat' dir='ltr'><strong>consentiunt</strong></span> <span class='ocrx_word' id='word_1_52' title='bbox 337 1053 495 1121; x_wconf 78' lang='lat' dir='ltr'><strong>editiones</strong></span> <span class='ocrx_word' id='word_1_53' title='bbox 507 1054 797 1142; x_wconf 83' lang='lat' dir='ltr'><strong>exscriptoresque,</strong></span> <span class='ocrx_word' id='word_1_54' title='bbox 811 1042 977 1139; x_wconf 85' lang='lat' dir='ltr'><strong>inquibus</strong></span> <span class='ocrx_word' id='word_1_55' title='bbox 991 1058 1160 1123; x_wconf 70' lang='lat' dir='ltr'><strong>et‘noster,</strong></span> <span class='ocrx_word' id='word_1_56' title='bbox 1183 1068 1224 1111; x_wconf 84' lang='lat' dir='ltr'><strong>ne</strong></span> 
     </span>
     <span class='ocr_line' id='line_1_8' title="bbox 116 1158 1224 1257; baseline -0.007 -27"><span class='ocrx_word' id='word_1_57' title='bbox 116 1163 318 1243; x_wconf 85' lang='lat' dir='ltr'><strong>dubitemus,</strong></span> <span class='ocrx_word' id='word_1_58' title='bbox 344 1166 386 1232; x_wconf 84' lang='lat' dir='ltr'><strong>ab</strong></span> <span class='ocrx_word' id='word_1_59' title='bbox 414 1162 646 1257; x_wconf 67' lang='lat' dir='ltr'><strong>interpolatore</strong></span> <span class='ocrx_word' id='word_1_60' title='bbox 670 1166 718 1231; x_wconf 86' lang='lat' dir='ltr'><strong>ita</strong></span> <span class='ocrx_word' id='word_1_61' title='bbox 739 1164 899 1253; x_wconf 88' lang='lat' dir='ltr'><strong>scriptum</strong></span> <span class='ocrx_word' id='word_1_62' title='bbox 925 1187 1002 1229; x_wconf 84' lang='lat' dir='ltr'><strong>esse.</strong></span> <span class='ocrx_word' id='word_1_63' title='bbox 1048 1162 1115 1228; x_wconf 88' lang='lat' dir='ltr'><strong>Hic</strong></span> <span class='ocrx_word' id='word_1_64' title='bbox 1136 1158 1224 1224; x_wconf 89' lang='lat' dir='ltr'><strong>idem</strong></span> 
     </span>
    </p>
   </div>
   <div class='ocr_carea' id='block_1_6' title="bbox 117 1275 1339 1370">
    <p class='ocr_par' dir='ltr' id='par_1_6' title="bbox 117 1275 1339 1370">
     <span class='ocr_line' id='line_1_9' title="bbox 117 1275 1339 1370; baseline -0.002 -29"><span class='ocrx_word' id='word_1_65' title='bbox 117 1275 206 1343; x_wconf 86' lang='lat' dir='ltr'><strong>liber</strong></span> <span class='ocrx_word' id='word_1_66' title='bbox 231 1276 272 1353; x_wconf 85' lang='lat' dir='ltr'><strong>Q.</strong></span> <span class='ocrx_word' id='word_1_67' title='bbox 300 1277 434 1366; x_wconf 81' lang='lat' dir='ltr'><strong>Ligario</strong></span> <span class='ocrx_word' id='word_1_68' title='bbox 459 1279 561 1345; x_wconf 86' lang='lat' dir='ltr'><strong>vitam</strong></span> <span class='ocrx_word' id='word_1_69' title='bbox 588 1278 623 1345; x_wconf 89' lang='lat' dir='ltr'><strong>in</strong></span> <span class='ocrx_word' id='word_1_70' title='bbox 654 1278 768 1345; x_wconf 87' lang='lat' dir='ltr'><strong>Africa</strong></span> <span class='ocrx_word' id='word_1_71' title='bbox 796 1299 975 1347; x_wconf 78' lang='lat' dir='ltr'><strong>concessam</strong></span> <span class='ocrx_word' id='word_1_72' title='bbox 1003 1298 1072 1341; x_wconf 86' lang='lat' dir='ltr'><strong>esse</strong></span> <span class='ocrx_word' id='word_1_73' title='bbox 1099 1283 1236 1348; x_wconf 78' lang='lat' dir='ltr'><strong>narrat,</strong></span> <span class='ocrx_word' id='word_1_74' title='bbox 1337 1367 1339 1370; x_wconf 16' lang='grc' dir='ltr'>Ι</span> 
     </span>
    </p>
   </div>
   <div class='ocr_carea' id='block_1_7' title="bbox 74 1384 1317 1703">
    <p class='ocr_par' dir='ltr' id='par_1_7' title="bbox 74 1384 1317 1703">
     <span class='ocr_line' id='line_1_10' title="bbox 74 1384 1229 1477; baseline -0.003 -24"><span class='ocrx_word' id='word_1_75' title='bbox 74 1428 80 1431; x_wconf 99' lang='grc'>-</span> <span class='ocrx_word' id='word_1_76' title='bbox 117 1387 221 1477; x_wconf 68' lang='lat' dir='ltr'><strong>aaa.</strong></span> <span class='ocrx_word' id='word_1_77' title='bbox 267 1389 365 1465; x_wconf 84' lang='lat' dir='ltr'><strong>Quod</strong></span> <span class='ocrx_word' id='word_1_78' title='bbox 387 1402 502 1457; x_wconf 84' lang='lat' dir='ltr'><strong>tamon</strong></span> <span class='ocrx_word' id='word_1_79' title='bbox 516 1390 687 1457; x_wconf 64' lang='lat' dir='ltr'><strong>certisime</strong></span> <span class='ocrx_word' id='word_1_80' title='bbox 708 1390 827 1457; x_wconf 81' lang='lat' dir='ltr'><strong>falsum</strong></span> <span class='ocrx_word' id='word_1_81' title='bbox 849 1414 930 1469; x_wconf 91' lang='lat' dir='ltr'><strong>esse,</strong></span> <span class='ocrx_word' id='word_1_82' title='bbox 956 1398 1084 1456; x_wconf 84' lang='lat' dir='ltr'><strong>constat</strong></span> <span class='ocrx_word' id='word_1_83' title='bbox 1105 1410 1147 1453; x_wconf 81' lang='lat' dir='ltr'><strong>ex</strong></span> <span class='ocrx_word' id='word_1_84' title='bbox 1171 1384 1229 1451; x_wconf 90' lang='lat' dir='ltr'><strong>in·</strong></span> 
     </span>
     <span class='ocr_line' id='line_1_11' title="bbox 119 1498 1317 1592; baseline -0.003 -25"><span class='ocrx_word' id='word_1_85' title='bbox 119 1500 206 1589; x_wconf 84' lang='lat' dir='ltr'><strong>signi</strong></span> <span class='ocrx_word' id='word_1_86' title='bbox 223 1500 399 1583; x_wconf 84' lang='lat' dir='ltr'><strong>Ciceronis,</strong></span> <span class='ocrx_word' id='word_1_87' title='bbox 412 1514 488 1591; x_wconf 87' lang='lat' dir='ltr'><strong>post</strong></span> <span class='ocrx_word' id='word_1_88' title='bbox 501 1500 644 1569; x_wconf 81' lang='lat' dir='ltr'><strong>radituni</strong></span> <span class='ocrx_word' id='word_1_89' title='bbox 660 1504 808 1581; x_wconf 84' lang='lat' dir='ltr'><strong>Caesaris,</strong></span> <span class='ocrx_word' id='word_1_90' title='bbox 827 1502 987 1570; x_wconf 84' lang='lat' dir='ltr'><strong>Oratione</strong></span> <span class='ocrx_word' id='word_1_91' title='bbox 999 1525 1060 1592; x_wconf 86' lang='lat' dir='ltr'><strong>pro</strong></span> <span class='ocrx_word' id='word_1_92' title='bbox 1074 1498 1220 1587; x_wconf 82' lang='lat' dir='ltr'><strong>ligurio.</strong></span> <span class='ocrx_word' id='word_1_93' title='bbox 1310 1537 1317 1554; x_wconf 42' lang='grc' dir='ltr'>κ</span> 
     </span>
     <span class='ocr_line' id='line_1_12' title="bbox 121 1609 1222 1703; baseline -0.001 -26"><span class='ocrx_word' id='word_1_94' title='bbox 121 1610 234 1677; x_wconf 78' lang='lat' dir='ltr'><strong>Goaevi</strong></span> <span class='ocrx_word' id='word_1_95' title='bbox 252 1611 421 1702; x_wconf 85' lang='lat' dir='ltr'><strong>scriptoris</strong></span> <span class='ocrx_word' id='word_1_96' title='bbox 440 1624 508 1679; x_wconf 85' lang='lat' dir='ltr'><strong>tam</strong></span> <span class='ocrx_word' id='word_1_97' title='bbox 531 1636 653 1681; x_wconf 86' lang='lat' dir='ltr'><strong>crassus</strong></span> <span class='ocrx_word' id='word_1_98' title='bbox 673 1638 767 1681; x_wconf 87' lang='lat' dir='ltr'><strong>error</strong></span> <span class='ocrx_word' id='word_1_99' title='bbox 788 1638 853 1681; x_wconf 70' lang='lat' dir='ltr'><strong>eoee</strong></span> <span class='ocrx_word' id='word_1_100' title='bbox 876 1610 931 1680; x_wconf 84' lang='lat' dir='ltr'><strong>vix</strong></span> <span class='ocrx_word' id='word_1_101' title='bbox 954 1613 1076 1703; x_wconf 88' lang='lat' dir='ltr'><strong>potuit.</strong></span> <span class='ocrx_word' id='word_1_102' title='bbox 1108 1609 1166 1693; x_wconf 63' lang='lat' dir='ltr'><strong>,Et</strong></span> <span class='ocrx_word' id='word_1_103' title='bbox 1180 1610 1222 1677; x_wconf 86' lang='lat' dir='ltr'><strong>L.</strong></span> 
     </span>
    </p>
   </div>
   <div class='ocr_carea' id='block_1_8' title="bbox 10 1721 1319 1917">
    <p class='ocr_par' dir='ltr' id='par_1_8' title="bbox 10 1721 1319 1917">
     <span class='ocr_line' id='line_1_13' title="bbox 10 1721 1225 1819; baseline -0.002 -30"><span class='ocrx_word' id='word_1_104' title='bbox 10 1816 11 1819; x_wconf 7' lang='grc' dir='ltr'><strong>Ἴ</strong></span> <span class='ocrx_word' id='word_1_105' title='bbox 122 1722 246 1789; x_wconf 81' lang='lat' dir='ltr'><strong>Oaesari</strong></span> <span class='ocrx_word' id='word_1_106' title='bbox 260 1724 367 1791; x_wconf 69' lang='lat' dir='ltr'><strong>uitam</strong></span> <span class='ocrx_word' id='word_1_107' title='bbox 387 1747 408 1789; x_wconf 87' lang='lat' dir='ltr'><strong>a</strong></span> <span class='ocrx_word' id='word_1_108' title='bbox 428 1724 451 1791; x_wconf 93' lang='lat' dir='ltr'>J</span> <span class='ocrx_word' id='word_1_109' title='bbox 454 1724 535 1803; x_wconf 83' lang='lat' dir='ltr'><strong>ulio,</strong></span> <span class='ocrx_word' id='word_1_110' title='bbox 558 1725 716 1815; x_wconf 86' lang='lat' dir='ltr'><strong>facileque</strong></span> <span class='ocrx_word' id='word_1_111' title='bbox 737 1748 917 1793; x_wconf 81' lang='lat' dir='ltr'><strong>concessam</strong></span> <span class='ocrx_word' id='word_1_112' title='bbox 931 1726 1004 1791; x_wconf 84' lang='lat' dir='ltr'><strong>vult</strong></span> <span class='ocrx_word' id='word_1_113' title='bbox 1016 1735 1131 1791; x_wconf 78' lang='lat' dir='ltr'><strong>auctor</strong></span> <span class='ocrx_word' id='word_1_114' title='bbox 1145 1721 1225 1788; x_wconf 90' lang='lat' dir='ltr'><strong>belli</strong></span> 
     </span>
     <span class='ocr_line' id='line_1_14' title="bbox 124 1833 1319 1917; baseline 0.006 -16"><span class='ocrx_word' id='word_1_115' title='bbox 124 1834 284 1901; x_wconf 82' lang='lat' dir='ltr'><strong>Africani.</strong></span> <span class='ocrx_word' id='word_1_116' title='bbox 331 1836 457 1903; x_wconf 83' lang='lat' dir='ltr'><strong>Contra</strong></span> <span class='ocrx_word' id='word_1_117' title='bbox 472 1836 536 1903; x_wconf 94' lang='lat' dir='ltr'><strong>Dio</strong></span> <span class='ocrx_word' id='word_1_118' title='bbox 552 1836 590 1903; x_wconf 90' lang='lat' dir='ltr'><strong>L.</strong></span> <span class='ocrx_word' id='word_1_119' title='bbox 607 1837 735 1917; x_wconf 80' lang='lat' dir='ltr'>XLIII,</span> <span class='ocrx_word' id='word_1_120' title='bbox 749 1851 861 1906; x_wconf 87' lang='lat' dir='ltr'><strong>contra</strong></span> <span class='ocrx_word' id='word_1_121' title='bbox 877 1841 1013 1905; x_wconf 88' lang='lat' dir='ltr'><strong>Sueton.</strong></span> <span class='ocrx_word' id='word_1_122' title='bbox 1028 1838 1109 1903; x_wconf 74' lang='lat' dir='ltr'><strong>Caes.</strong></span> <span class='ocrx_word' id='word_1_123' title='bbox 1125 1859 1156 1901; x_wconf 84' lang='lat' dir='ltr'><strong>c.</strong></span> <span class='ocrx_word' id='word_1_124' title='bbox 1169 1833 1240 1911; x_wconf 80' lang='lat'><strong>75,</strong></span> <span class='ocrx_word' id='word_1_125' title='bbox 1314 1874 1319 1882; x_wconf 60' lang='lat'>¹</span> 
     </span>
    </p>
   </div>
   <div class='ocr_carea' id='block_1_9' title="bbox 119 1944 1310 2485">
    <p class='ocr_par' dir='ltr' id='par_1_9' title="bbox 119 1944 1310 2485">
     <span class='ocr_line' id='line_1_15' title="bbox 121 1944 1310 2042; baseline -0.005 -29"><span class='ocrx_word' id='word_1_126' title='bbox 121 1958 239 2013; x_wconf 85' lang='lat' dir='ltr'><strong>contra</strong></span> <span class='ocrx_word' id='word_1_127' title='bbox 251 1970 377 2013; x_wconf 86' lang='lat' dir='ltr'><strong>coaevus</strong></span> <span class='ocrx_word' id='word_1_128' title='bbox 391 1949 520 2017; x_wconf 85' lang='lat' dir='ltr'><strong>Cicero.</strong></span> <span class='ocrx_word' id='word_1_129' title='bbox 566 1948 669 2013; x_wconf 90' lang='lat' dir='ltr'><strong>Mitto</strong></span> <span class='ocrx_word' id='word_1_130' title='bbox 682 1972 763 2024; x_wconf 89' lang='lat' dir='ltr'><strong>rem,</strong></span> <span class='ocrx_word' id='word_1_131' title='bbox 782 1972 882 2036; x_wconf 90' lang='lat' dir='ltr'><strong>quam</strong></span> <span class='ocrx_word' id='word_1_132' title='bbox 901 1958 1016 2013; x_wconf 87' lang='lat' dir='ltr'><strong>auctor</strong></span> <span class='ocrx_word' id='word_1_133' title='bbox 1035 1946 1104 2035; x_wconf 83' lang='lat' dir='ltr'><strong>ipse</strong></span> <span class='ocrx_word' id='word_1_134' title='bbox 1123 1944 1238 2042; x_wconf 33' lang='lat' dir='ltr'><strong>incre-¹</strong></span> <span class='ocrx_word' id='word_1_135' title='bbox 1302 1948 1310 1953; x_wconf 76' lang='grc'><em>’</em></span> 
     </span>
     <span class='ocr_line' id='line_1_16' title="bbox 120 2048 1228 2145; baseline -0.005 -21"><span class='ocrx_word' id='word_1_136' title='bbox 120 2048 260 2125; x_wconf 90' lang='lat' dir='ltr'><strong>dibilem</strong></span> <span class='ocrx_word' id='word_1_137' title='bbox 283 2048 417 2135; x_wconf 80' lang='lat' dir='ltr'><strong>fatetur,</strong></span> <span class='ocrx_word' id='word_1_138' title='bbox 443 2059 486 2125; x_wconf 84' lang='lat' dir='ltr'><strong>ab</strong></span> <span class='ocrx_word' id='word_1_139' title='bbox 513 2058 677 2145; x_wconf 87' lang='lat' dir='ltr'><strong>equitibus</strong></span> <span class='ocrx_word' id='word_1_140' title='bbox 706 2060 843 2125; x_wconf 82' lang='lat' dir='ltr'><strong>Caesaris</strong></span> <span class='ocrx_word' id='word_1_141' title='bbox 870 2062 977 2125; x_wconf 88' lang='lat' dir='ltr'><strong>minus</strong></span> <span class='ocrx_word' id='word_1_142' title='bbox 1003 2056 1098 2125; x_wconf 85' lang='lat' dir='ltr'><strong>XXX</strong></span> <span class='ocrx_word' id='word_1_143' title='bbox 1122 2054 1228 2120; x_wconf 84' lang='lat' dir='ltr'><strong>Gallis</strong></span> 
     </span>
     <span class='ocr_line' id='line_1_17' title="bbox 124 2167 1227 2265; baseline -0.004 -28"><span class='ocrx_word' id='word_1_144' title='bbox 124 2168 323 2265; x_wconf 76' lang='lat' dir='ltr'><strong>Maprornm</strong></span> <span class='ocrx_word' id='word_1_145' title='bbox 334 2170 482 2259; x_wconf 89' lang='lat' dir='ltr'><strong>equitum</strong></span> <span class='ocrx_word' id='word_1_146' title='bbox 494 2170 561 2235; x_wconf 92' lang='lat' dir='ltr'><strong>duo</strong></span> <span class='ocrx_word' id='word_1_147' title='bbox 574 2170 674 2237; x_wconf 88' lang='lat' dir='ltr'><strong>millia</strong></span> <span class='ocrx_word' id='word_1_148' title='bbox 688 2170 760 2237; x_wconf 94' lang='lat' dir='ltr'><strong>loco</strong></span> <span class='ocrx_word' id='word_1_149' title='bbox 775 2195 841 2239; x_wconf 90' lang='lat' dir='ltr'><strong>esse</strong></span> <span class='ocrx_word' id='word_1_150' title='bbox 857 2171 961 2260; x_wconf 86' lang='lat' dir='ltr'><strong>pulsa.</strong></span> <span class='ocrx_word' id='word_1_151' title='bbox 994 2167 1098 2235; x_wconf 90' lang='lat' dir='ltr'><strong>Mitto</strong></span> <span class='ocrx_word' id='word_1_152' title='bbox 1108 2189 1227 2257; x_wconf 87' lang='lat' dir='ltr'><strong>provo·</strong></span> 
     </span>
     <span class='ocr_line' id='line_1_18' title="bbox 119 2278 1223 2372; baseline -0.005 -23"><span class='ocrx_word' id='word_1_153' title='bbox 119 2281 282 2349; x_wconf 79' lang='lat' dir='ltr'><strong>cntionem</strong></span> <span class='ocrx_word' id='word_1_154' title='bbox 293 2282 489 2349; x_wconf 80' lang='lat' dir='ltr'><strong>centurionis</strong></span> <span class='ocrx_word' id='word_1_155' title='bbox 499 2282 657 2372; x_wconf 80' lang='lat' dir='ltr'><strong>praedicti,</strong></span> <span class='ocrx_word' id='word_1_156' title='bbox 667 2294 705 2347; x_wconf 91' lang='lat' dir='ltr'><strong>ut</strong></span> <span class='ocrx_word' id='word_1_157' title='bbox 718 2307 792 2349; x_wconf 90' lang='lat' dir='ltr'><strong>cum</strong></span> <span class='ocrx_word' id='word_1_158' title='bbox 801 2283 866 2349; x_wconf 86' lang='lat' dir='ltr'><strong>suis</strong></span> <span class='ocrx_word' id='word_1_159' title='bbox 876 2282 988 2347; x_wconf 86' lang='lat' dir='ltr'><strong>decem</strong></span> <span class='ocrx_word' id='word_1_160' title='bbox 999 2302 1074 2345; x_wconf 90' lang='lat' dir='ltr'><strong>cnm</strong></span> <span class='ocrx_word' id='word_1_161' title='bbox 1087 2278 1223 2345; x_wconf 88' lang='lat' dir='ltr'><strong>cohorte</strong></span> 
     </span>
     <span class='ocr_line' id='line_1_19' title="bbox 123 2391 1225 2485; baseline -0.004 -24"><span class='ocrx_word' id='word_1_162' title='bbox 123 2393 285 2485; x_wconf 84' lang='lat' dir='ltr'><strong>Scipionis</strong></span> <span class='ocrx_word' id='word_1_163' title='bbox 300 2394 483 2461; x_wconf 78' lang='lat' dir='ltr'><strong>-firmissima</strong></span> <span class='ocrx_word' id='word_1_164' title='bbox 509 2406 728 2461; x_wconf 89' lang='lat' dir='ltr'><strong>concurreret.</strong></span> <span class='ocrx_word' id='word_1_165' title='bbox 776 2394 855 2461; x_wconf 88' lang='lat' dir='ltr'><strong>Haec</strong></span> <span class='ocrx_word' id='word_1_166' title='bbox 880 2394 977 2483; x_wconf 88' lang='lat' dir='ltr'><strong>plane</strong></span> <span class='ocrx_word' id='word_1_167' title='bbox 1002 2391 1225 2459; x_wconf 82' lang='lat' dir='ltr'><strong>fabulatorum</strong></span> 
     </span>
    </p>
   </div>
   <div class='ocr_carea' id='block_1_10' title="bbox 121 2493 1448 2597">
    <p class='ocr_par' dir='ltr' id='par_1_10' title="bbox 121 2493 1448 2597">
     <span class='ocr_line' id='line_1_20' title="bbox 121 2493 1448 2597; baseline -0.01 -21"><span class='ocrx_word' id='word_1_168' title='bbox 121 2508 256 2597; x_wconf 81' lang='lat' dir='ltr'><strong>genium</strong></span> <span class='ocrx_word' id='word_1_169' title='bbox 285 2508 417 2597; x_wconf 87' lang='lat' dir='ltr'><strong>sapiunt</strong></span> <span class='ocrx_word' id='word_1_170' title='bbox 445 2506 572 2597; x_wconf 66' lang='lat' dir='ltr'><strong>potius,</strong></span> <span class='ocrx_word' id='word_1_171' title='bbox 603 2518 701 2595; x_wconf 70' lang='lat' dir='ltr'><strong>quani</strong></span> <span class='ocrx_word' id='word_1_172' title='bbox 738 2493 1069 2593; x_wconf 81' lang='lat' dir='ltr'><strong>prudentissimorum,</strong></span> <span class='ocrx_word' id='word_1_173' title='bbox 1106 2502 1228 2591; x_wconf 91' lang='lat' dir='ltr'><strong>quibus</strong></span> <span class='ocrx_word' id='word_1_174' title='bbox 1355 2588 1360 2594; x_wconf 77' lang='lat'><strong>.</strong></span> <span class='ocrx_word' id='word_1_175' title='bbox 1446 2508 1448 2514; x_wconf 81' lang='grc'>’</span> 
     </span>
    </p>
   </div>
   <div class='ocr_carea' id='block_1_11' title="bbox 120 2610 1234 3709">
    <p class='ocr_par' dir='ltr' id='par_1_11' title="bbox 120 2610 1234 3709">
     <span class='ocr_line' id='line_1_21' title="bbox 122 2610 1226 2704; baseline -0.006 -22"><span class='ocrx_word' id='word_1_176' title='bbox 122 2616 270 2682; x_wconf 89' lang='lat' dir='ltr'><strong>seculum</strong></span> <span class='ocrx_word' id='word_1_177' title='bbox 295 2615 379 2683; x_wconf 91' lang='lat' dir='ltr'><strong>illud</strong></span> <span class='ocrx_word' id='word_1_178' title='bbox 402 2613 627 2704; x_wconf 87' lang='lat' dir='ltr'><strong>politissimum</strong></span> <span class='ocrx_word' id='word_1_179' title='bbox 650 2612 855 2689; x_wconf 87' lang='lat' dir='ltr'><strong>abundabat,</strong></span> <span class='ocrx_word' id='word_1_180' title='bbox 883 2614 1089 2701; x_wconf 89' lang='lat' dir='ltr'><strong>scriptorum.</strong></span> <span class='ocrx_word' id='word_1_181' title='bbox 1149 2610 1226 2675; x_wconf 89' lang='lat' dir='ltr'><strong>Huc</strong></span> 
     </span>
     <span class='ocr_line' id='line_1_22' title="bbox 120 2722 1226 2813; baseline -0.006 -20"><span class='ocrx_word' id='word_1_182' title='bbox 120 2727 223 2793; x_wconf 87' lang='lat' dir='ltr'><strong>etiam</strong></span> <span class='ocrx_word' id='word_1_183' title='bbox 237 2738 271 2791; x_wconf 89' lang='lat' dir='ltr'><strong>et</strong></span> <span class='ocrx_word' id='word_1_184' title='bbox 282 2726 366 2792; x_wconf 90' lang='lat' dir='ltr'><strong>illud</strong></span> <span class='ocrx_word' id='word_1_185' title='bbox 381 2725 487 2792; x_wconf 87' lang='lat' dir='ltr'><strong>refero</strong></span> <span class='ocrx_word' id='word_1_186' title='bbox 501 2750 530 2791; x_wconf 91' lang='lat' dir='ltr'><strong>c.</strong></span> <span class='ocrx_word' id='word_1_187' title='bbox 546 2726 601 2801; x_wconf 89' lang='grc'><strong>70,</strong></span> <span class='ocrx_word' id='word_1_188' title='bbox 616 2726 704 2813; x_wconf 92' lang='lat' dir='ltr'><strong>quod</strong></span> <span class='ocrx_word' id='word_1_189' title='bbox 716 2724 808 2801; x_wconf 91' lang='lat' dir='ltr'><strong>dicit,</strong></span> <span class='ocrx_word' id='word_1_190' title='bbox 824 2725 957 2791; x_wconf 80' lang='lat' dir='ltr'><strong>Caesaris</strong></span> <span class='ocrx_word' id='word_1_191' title='bbox 972 2725 999 2790; x_wconf 87' lang='lat' dir='ltr'><strong>si</strong></span> <span class='ocrx_word' id='word_1_192' title='bbox 1010 2745 1074 2788; x_wconf 93' lang='lat' dir='ltr'><strong>non</strong></span> <span class='ocrx_word' id='word_1_193' title='bbox 1087 2722 1226 2811; x_wconf 86' lang='lat' dir='ltr'><strong>amplius</strong></span> 
     </span>
     <span class='ocr_line' id='line_1_23' title="bbox 122 2836 1228 2927; baseline -0.003 -24"><span class='ocrx_word' id='word_1_194' title='bbox 122 2852 190 2905; x_wconf 89' lang='lat' dir='ltr'><strong>tres</strong></span> <span class='ocrx_word' id='word_1_195' title='bbox 204 2851 263 2905; x_wconf 87' lang='lat' dir='ltr'><strong>aut</strong></span> <span class='ocrx_word' id='word_1_196' title='bbox 277 2848 420 2927; x_wconf 88' lang='lat' dir='ltr'><strong>quatuor</strong></span> <span class='ocrx_word' id='word_1_197' title='bbox 430 2838 552 2903; x_wconf 82' lang='lat' dir='ltr'><strong>milites</strong></span> <span class='ocrx_word' id='word_1_198' title='bbox 567 2838 710 2903; x_wconf 87' lang='lat' dir='ltr'><strong>veterani</strong></span> <span class='ocrx_word' id='word_1_199' title='bbox 723 2861 757 2902; x_wconf 92' lang='lat' dir='ltr'><strong>se</strong></span> <span class='ocrx_word' id='word_1_200' title='bbox 768 2837 1013 2912; x_wconf 85' lang='lat' dir='ltr'><strong>convertissent,</strong></span> <span class='ocrx_word' id='word_1_201' title='bbox 1026 2848 1060 2901; x_wconf 91' lang='lat' dir='ltr'><strong>et</strong></span> <span class='ocrx_word' id='word_1_202' title='bbox 1073 2836 1141 2925; x_wconf 89' lang='lat' dir='ltr'><strong>pila</strong></span> <span class='ocrx_word' id='word_1_203' title='bbox 1152 2836 1228 2901; x_wconf 89' lang='lat' dir='ltr'><strong>viri-</strong></span> 
     </span>
     <span class='ocr_line' id='line_1_24' title="bbox 122 2947 1223 3037; baseline -0.002 -22"><span class='ocrx_word' id='word_1_204' title='bbox 122 2948 186 3015; x_wconf 83' lang='lat' dir='ltr'><strong>bus</strong></span> <span class='ocrx_word' id='word_1_205' title='bbox 210 2960 360 3017; x_wconf 89' lang='lat' dir='ltr'><strong>contorta</strong></span> <span class='ocrx_word' id='word_1_206' title='bbox 382 2949 415 3015; x_wconf 90' lang='lat' dir='ltr'><strong>in</strong></span> <span class='ocrx_word' id='word_1_207' title='bbox 440 2948 597 3017; x_wconf 87' lang='lat' dir='ltr'><strong>Numidas</strong></span> <span class='ocrx_word' id='word_1_208' title='bbox 613 2949 746 3015; x_wconf 87' lang='lat' dir='ltr'><strong>infestos</strong></span> <span class='ocrx_word' id='word_1_209' title='bbox 772 2949 994 3037; x_wconf 84' lang='lat' dir='ltr'><strong>conjecissent,</strong></span> <span class='ocrx_word' id='word_1_210' title='bbox 1020 2950 1158 3037; x_wconf 89' lang='lat' dir='ltr'><strong>amplius</strong></span> <span class='ocrx_word' id='word_1_211' title='bbox 1188 2947 1223 3013; x_wconf 92' lang='grc' dir='ltr'><strong>ΙΙ</strong></span> 
     </span>
     <span class='ocr_line' id='line_1_25' title="bbox 122 3044 1226 3157; baseline 0 -30"><span class='ocrx_word' id='word_1_212' title='bbox 122 3044 422 3157; x_wconf 59' lang='grc' dir='ltr'><strong>ιιιὶΙΙίυώμιιωετο</strong></span> <span class='ocrx_word' id='word_1_213' title='bbox 441 3062 482 3127; x_wconf 86' lang='lat' dir='ltr'><strong>ad</strong></span> <span class='ocrx_word' id='word_1_214' title='bbox 506 3085 606 3127; x_wconf 91' lang='lat' dir='ltr'><strong>unum</strong></span> <span class='ocrx_word' id='word_1_215' title='bbox 629 3074 722 3151; x_wconf 86' lang='lat' dir='ltr'><strong>terga</strong></span> <span class='ocrx_word' id='word_1_216' title='bbox 748 3062 890 3156; x_wconf 72' lang='lat' dir='ltr'><strong>vertisse.</strong></span> <span class='ocrx_word' id='word_1_217' title='bbox 952 3062 1037 3127; x_wconf 90' lang='lat' dir='ltr'><strong>Sunt</strong></span> <span class='ocrx_word' id='word_1_218' title='bbox 1067 3062 1167 3127; x_wconf 89' lang='lat' dir='ltr'><strong>etiam</strong></span> <span class='ocrx_word' id='word_1_219' title='bbox 1191 3061 1226 3127; x_wconf 88' lang='lat' dir='ltr'><strong>in</strong></span> 
     </span>
     <span class='ocr_line' id='line_1_26' title="bbox 123 3165 1230 3261; baseline -0.004 -22"><span class='ocrx_word' id='word_1_220' title='bbox 123 3170 268 3239; x_wconf 89' lang='lat' dir='ltr'><strong>dictione</strong></span> <span class='ocrx_word' id='word_1_221' title='bbox 288 3172 439 3259; x_wconf 88' lang='lat' dir='ltr'><strong>plurima,</strong></span> <span class='ocrx_word' id='word_1_222' title='bbox 463 3194 536 3259; x_wconf 75' lang='lat' dir='ltr'><strong>quae</strong></span> <span class='ocrx_word' id='word_1_223' title='bbox 557 3194 650 3239; x_wconf 87' lang='lat' dir='ltr'><strong>nemo</strong></span> <span class='ocrx_word' id='word_1_224' title='bbox 670 3173 795 3261; x_wconf 88' lang='lat' dir='ltr'><strong>peritus</strong></span> <span class='ocrx_word' id='word_1_225' title='bbox 813 3170 927 3237; x_wconf 89' lang='lat' dir='ltr'><strong>harum</strong></span> <span class='ocrx_word' id='word_1_226' title='bbox 940 3165 1049 3237; x_wconf 79' lang='lat' dir='ltr'><strong>rerum</strong></span> <span class='ocrx_word' id='word_1_227' title='bbox 1061 3192 1175 3247; x_wconf 77' lang='lat' dir='ltr'><strong>censor</strong></span> <span class='ocrx_word' id='word_1_228' title='bbox 1187 3168 1230 3235; x_wconf 90' lang='lat' dir='ltr'><strong>ad</strong></span> 
     </span>
     <span class='ocr_line' id='line_1_27' title="bbox 125 3268 1234 3379; baseline -0.003 -26"><span class='ocrx_word' id='word_1_229' title='bbox 125 3287 262 3353; x_wconf 70' lang='lat' dir='ltr'><strong>cesaris</strong></span> <span class='ocrx_word' id='word_1_230' title='bbox 285 3296 415 3352; x_wconf 84' lang='lat' dir='ltr'><strong>aetatem</strong></span> <span class='ocrx_word' id='word_1_231' title='bbox 436 3268 624 3379; x_wconf 46' lang='lat' dir='ltr'><strong>retuleritz&#39;</strong></span> <span class='ocrx_word' id='word_1_232' title='bbox 641 3308 714 3375; x_wconf 86' lang='lat' dir='ltr'><strong>cap.</strong></span> <span class='ocrx_word' id='word_1_233' title='bbox 740 3287 790 3361; x_wconf 84' lang='grc'><strong>12,</strong></span> <span class='ocrx_word' id='word_1_234' title='bbox 822 3294 846 3327; x_wconf 84' lang='grc'>“</span> <span class='ocrx_word' id='word_1_235' title='bbox 863 3284 1019 3374; x_wconf 78' lang='lat' dir='ltr'><strong>galeati.&#39;&#39;</strong></span> <span class='ocrx_word' id='word_1_236' title='bbox 1077 3283 1155 3350; x_wconf 93' lang='lat' dir='ltr'><strong>Non</strong></span> <span class='ocrx_word' id='word_1_237' title='bbox 1179 3306 1234 3352; x_wconf 88' lang='lat' dir='ltr'><strong>me</strong></span> 
     </span>
     <span class='ocr_line' id='line_1_28' title="bbox 124 3396 1230 3487; baseline -0.003 -25"><span class='ocrx_word' id='word_1_238' title='bbox 124 3398 213 3487; x_wconf 72' lang='lat' dir='ltr'><strong>fugit</strong></span> <span class='ocrx_word' id='word_1_239' title='bbox 235 3396 334 3476; x_wconf 90' lang='lat' dir='ltr'><strong>illud,</strong></span> <span class='ocrx_word' id='word_1_240' title='bbox 355 3397 409 3463; x_wconf 88' lang='lat' dir='ltr'><strong>sed</strong></span> <span class='ocrx_word' id='word_1_241' title='bbox 422 3405 544 3487; x_wconf 69' lang='lat' dir='ltr'><strong>poetae:</strong></span> <span class='ocrx_word' id='word_1_242' title='bbox 570 3398 772 3487; x_wconf 85' lang='lat' dir='ltr'><strong>“galeatum</strong></span> <span class='ocrx_word' id='word_1_243' title='bbox 792 3422 864 3465; x_wconf 89' lang='lat' dir='ltr'><strong>sero</strong></span> <span class='ocrx_word' id='word_1_244' title='bbox 878 3396 981 3483; x_wconf 81' lang='lat' dir='ltr'><strong>duelli</strong></span> <span class='ocrx_word' id='word_1_245' title='bbox 996 3396 1165 3485; x_wconf 85' lang='lat' dir='ltr'><strong>poenitet·.”</strong></span> <span class='ocrx_word' id='word_1_246' title='bbox 1194 3397 1230 3461; x_wconf 82' lang='lat' dir='ltr'><strong>S.</strong></span> 
     </span>
     <span class='ocr_line' id='line_1_29' title="bbox 127 3506 1232 3599; baseline 0 -26"><span class='ocrx_word' id='word_1_247' title='bbox 127 3506 323 3599; x_wconf 81' lang='lat' dir='ltr'><strong>Hieronymi</strong></span> <span class='ocrx_word' id='word_1_248' title='bbox 340 3506 500 3596; x_wconf 79' lang='lat' dir='ltr'><strong>Prologus</strong></span> <span class='ocrx_word' id='word_1_249' title='bbox 515 3506 662 3597; x_wconf 78' lang='lat' dir='ltr'><strong>galeatus</strong></span> <span class='ocrx_word' id='word_1_250' title='bbox 673 3508 776 3575; x_wconf 88' lang='lat' dir='ltr'><strong>serior</strong></span> <span class='ocrx_word' id='word_1_251' title='bbox 788 3518 848 3573; x_wconf 81' lang='lat' dir='ltr'><strong>est.</strong></span> <span class='ocrx_word' id='word_1_252' title='bbox 885 3507 967 3594; x_wconf 85' lang='lat' dir='ltr'><strong>Cap.</strong></span> <span class='ocrx_word' id='word_1_253' title='bbox 984 3507 1038 3571; x_wconf 89' lang='grc'><strong>31.</strong></span> <span class='ocrx_word' id='word_1_254' title='bbox 1056 3517 1079 3549; x_wconf 87' lang='grc'><strong>“</strong></span> <span class='ocrx_word' id='word_1_255' title='bbox 1095 3506 1232 3594; x_wconf 81' lang='lat' dir='ltr'><strong>ignota”</strong></span> 
     </span>
     <span class='ocr_line' id='line_1_30' title="bbox 127 3617 1231 3709; baseline 0 -24"><span class='ocrx_word' id='word_1_256' title='bbox 127 3631 264 3709; x_wconf 82' lang='lat' dir='ltr'><strong>peccata</strong></span> <span class='ocrx_word' id='word_1_257' title='bbox 278 3617 426 3707; x_wconf 83' lang='lat' dir='ltr'><strong>legimus,</strong></span> <span class='ocrx_word' id='word_1_258' title='bbox 443 3618 814 3709; x_wconf 59' lang='lat' dir='ltr'><strong>quibuq&#39;gnoscebatur.</strong></span> <span class='ocrx_word' id='word_1_259' title='bbox 866 3621 949 3708; x_wconf 83' lang='lat' dir='ltr'><strong>Cap.</strong></span> <span class='ocrx_word' id='word_1_260' title='bbox 971 3619 1021 3695; x_wconf 85' lang='lat'><strong>19,</strong></span> <span class='ocrx_word' id='word_1_261' title='bbox 1046 3630 1070 3662; x_wconf 88' lang='lat'><strong>“</strong></span> <span class='ocrx_word' id='word_1_262' title='bbox 1086 3620 1231 3685; x_wconf 88' lang='lat' dir='ltr'><strong>inunme-</strong></span> 
     </span>
    </p>
   </div>
   <div class='ocr_carea' id='block_1_12' title="bbox 126 3727 1367 3828">
    <p class='ocr_par' dir='ltr' id='par_1_12' title="bbox 126 3727 1367 3828">
     <span class='ocr_line' id='line_1_31' title="bbox 126 3727 1367 3828; baseline 0.002 -31"><span class='ocrx_word' id='word_1_263' title='bbox 126 3731 275 3798; x_wconf 83' lang='lat' dir='ltr'><strong>rabilis.”</strong></span> <span class='ocrx_word' id='word_1_264' title='bbox 336 3730 421 3819; x_wconf 86' lang='lat' dir='ltr'><strong>Cap.</strong></span> <span class='ocrx_word' id='word_1_265' title='bbox 453 3728 508 3806; x_wconf 85' lang='grc'><strong>46,</strong></span> <span class='ocrx_word' id='word_1_266' title='bbox 541 3741 565 3771; x_wconf 88' lang='grc'>“</span> <span class='ocrx_word' id='word_1_267' title='bbox 580 3730 802 3798; x_wconf 84' lang='lat' dir='ltr'><strong>cruciabiliter</strong></span> <span class='ocrx_word' id='word_1_268' title='bbox 827 3729 1001 3796; x_wconf 82' lang='lat' dir='ltr'><strong>interiecti.</strong></span> <span class='ocrx_word' id='word_1_269' title='bbox 1057 3727 1269 3795; x_wconf 72' lang='lat' dir='ltr'><strong>Parvulam:⁴</strong></span> <span class='ocrx_word' id='word_1_270' title='bbox 1364 3824 1367 3828; x_wconf 18' lang='grc'>1</span> 
     </span>
    </p>
   </div>
   <div class='ocr_carea' id='block_1_13' title="bbox 129 3834 1236 4266">
    <p class='ocr_par' dir='ltr' id='par_1_13' title="bbox 129 3834 1236 4266">
     <span class='ocr_line' id='line_1_32' title="bbox 130 3834 1235 3931; baseline -0.002 -22"><span class='ocrx_word' id='word_1_271' title='bbox 130 3842 342 3918; x_wconf 85' lang='lat' dir='ltr'><strong>caussulam,”</strong></span> <span class='ocrx_word' id='word_1_272' title='bbox 370 3834 444 3931; x_wconf 84' lang='lat' dir='ltr'><strong>cap.</strong></span> <span class='ocrx_word' id='word_1_273' title='bbox 459 3840 512 3907; x_wconf 89' lang='grc'><strong>54.</strong></span> <span class='ocrx_word' id='word_1_274' title='bbox 544 3842 722 3909; x_wconf 87' lang='lat' dir='ltr'><strong>“Parvum</strong></span> <span class='ocrx_word' id='word_1_275' title='bbox 735 3844 953 3917; x_wconf 61' lang='lat' dir='ltr'><strong>senawtumj’</strong></span> <span class='ocrx_word' id='word_1_276' title='bbox 975 3864 1005 3905; x_wconf 89' lang='lat' dir='ltr'><strong>c.</strong></span> <span class='ocrx_word' id='word_1_277' title='bbox 1020 3840 1074 3905; x_wconf 89' lang='grc'><strong>57.</strong></span> <span class='ocrx_word' id='word_1_278' title='bbox 1097 3852 1120 3882; x_wconf 88' lang='grc'><strong>“</strong></span> <span class='ocrx_word' id='word_1_279' title='bbox 1138 3842 1235 3931; x_wconf 76' lang='lat' dir='ltr'><strong>Mag·</strong></span> 
     </span>
     <span class='ocr_line' id='line_1_33' title="bbox 129 3951 1234 4043; baseline -0.001 -22"><span class='ocrx_word' id='word_1_280' title='bbox 129 3954 179 4021; x_wconf 82' lang='lat' dir='ltr'><strong>nis</strong></span> <span class='ocrx_word' id='word_1_281' title='bbox 196 3954 301 4043; x_wconf 88' lang='lat' dir='ltr'><strong>copiis</strong></span> <span class='ocrx_word' id='word_1_282' title='bbox 321 3951 513 4041; x_wconf 83' lang='lat' dir='ltr'><strong>auxiliisque</strong></span> <span class='ocrx_word' id='word_1_283' title='bbox 541 3954 626 4043; x_wconf 82' lang='lat' dir='ltr'><strong>regis</strong></span> <span class='ocrx_word' id='word_1_284' title='bbox 653 3951 817 4043; x_wconf 87' lang='lat' dir='ltr'><strong>praediti,”</strong></span> <span class='ocrx_word' id='word_1_285' title='bbox 846 3978 874 4018; x_wconf 95' lang='lat' dir='ltr'><strong>c.</strong></span> <span class='ocrx_word' id='word_1_286' title='bbox 899 3952 953 4019; x_wconf 91' lang='grc'><strong>58.</strong></span> <span class='ocrx_word' id='word_1_287' title='bbox 1015 3962 1037 3994; x_wconf 82' lang='grc'><strong>“</strong></span> <span class='ocrx_word' id='word_1_288' title='bbox 1055 3954 1234 4043; x_wconf 84' lang='lat' dir='ltr'><strong>Suppetias</strong></span> 
     </span>
     <span class='ocr_line' id='line_1_34' title="bbox 133 4062 1236 4152; baseline -0.002 -21"><span class='ocrx_word' id='word_1_289' title='bbox 133 4066 341 4141; x_wconf 87' lang='lat' dir='ltr'><strong>occurrere,&#39;’</strong></span> <span class='ocrx_word' id='word_1_290' title='bbox 380 4086 406 4128; x_wconf 88' lang='lat' dir='ltr'><strong>c.</strong></span> <span class='ocrx_word' id='word_1_291' title='bbox 434 4062 487 4128; x_wconf 91' lang='grc'><strong>66.</strong></span> <span class='ocrx_word' id='word_1_292' title='bbox 515 4062 567 4127; x_wconf 87' lang='grc'><strong>68.</strong></span> <span class='ocrx_word' id='word_1_293' title='bbox 605 4064 687 4152; x_wconf 84' lang='lat' dir='ltr'><strong>Oap.</strong></span> <span class='ocrx_word' id='word_1_294' title='bbox 709 4062 764 4140; x_wconf 83' lang='lat'><strong>77,</strong></span> <span class='ocrx_word' id='word_1_295' title='bbox 800 4068 1068 4129; x_wconf 80' lang='lat' dir='ltr'><strong>“commeatus&#39;&#39;</strong></span> <span class='ocrx_word' id='word_1_296' title='bbox 1122 4064 1236 4130; x_wconf 87' lang='lat' dir='ltr'><strong>Nona</strong></span> 
     </span>
     <span class='ocr_line' id='line_1_35' title="bbox 130 4172 1235 4266; baseline -0.005 -18"><span class='ocrx_word' id='word_1_297' title='bbox 130 4188 153 4221; x_wconf 91' lang='lat'><strong>“</strong></span> <span class='ocrx_word' id='word_1_298' title='bbox 168 4178 309 4248; x_wconf 83' lang='lat' dir='ltr'><strong>castris”</strong></span> <span class='ocrx_word' id='word_1_299' title='bbox 335 4190 453 4253; x_wconf 64' lang='lat' dir='ltr'><strong>manen,</strong></span> <span class='ocrx_word' id='word_1_300' title='bbox 476 4172 533 4245; x_wconf 87' lang='lat' dir='ltr'><strong>sed</strong></span> <span class='ocrx_word' id='word_1_301' title='bbox 552 4174 595 4244; x_wconf 85' lang='lat' dir='ltr'><strong>ad</strong></span> <span class='ocrx_word' id='word_1_302' title='bbox 619 4185 641 4219; x_wconf 92' lang='lat'><strong>“</strong></span> <span class='ocrx_word' id='word_1_303' title='bbox 660 4180 799 4246; x_wconf 73' lang='lat' dir='ltr'><strong>castra-’²</strong></span> <span class='ocrx_word' id='word_1_304' title='bbox 854 4177 936 4266; x_wconf 82' lang='lat' dir='ltr'><strong>Gap.</strong></span> <span class='ocrx_word' id='word_1_305' title='bbox 960 4176 1016 4253; x_wconf 81' lang='lat'><strong>78,</strong></span> <span class='ocrx_word' id='word_1_306' title='bbox 1046 4188 1069 4219; x_wconf 81' lang='lat'><strong>‘⁴</strong></span> <span class='ocrx_word' id='word_1_307' title='bbox 1085 4186 1124 4241; x_wconf 93' lang='lat' dir='ltr'><strong>ut</strong></span> <span class='ocrx_word' id='word_1_308' title='bbox 1136 4174 1235 4243; x_wconf 69' lang='lat' dir='ltr'><strong>habe</strong></span> 
     </span>
    </p>
   </div>
   <div class='ocr_carea' id='block_1_14' title="bbox 0 0 1480 4809">
    <p class='ocr_par' dir='ltr' id='par_1_14' title="bbox 0 0 1480 4809">
     <span class='ocr_line' id='line_1_36' title="bbox 0 0 1480 4809; baseline 0 0"><span class='ocrx_word' id='word_1_309' title='bbox 0 0 1480 4809; x_wconf 95' lang='lat' dir='ltr'><strong> </strong></span> 
     </span>
    </p>
   </div>
  </div>
 </body>
</html>
