2909 4809
396 283 542 375 ain.
564 285 593 372 1.
638 303 742 374 our.
763 284 906 374 ‹rr-u.
1038 311 1041 318 ·
1152 293 1223 381 ms

121 491 502 586 copiss'ogutiis'edocin
523 509 707 586 magnoque
724 494 862 562 circuitu
885 495 1080 566 nullo'certo
1100 495 1216 568 itinere

119 583 300 650 exercitum
313 582 426 650 ducit:
449 605 536 662 nam,
551 607 624 672 quae
636 585 751 650 itinera
761 582 804 650 cd
816 582 948 650 Iberum
959 596 1060 674 atque
1073 587 1159 655 Octo
1184 593 1225 656 e·'

120 692 191 736 nm
215 670 435 760 pertinebant,
450 673 561 754 castris
575 670 715 736 bostium
729 671 884 760 obpositis
899 673 1102 740 tenebuntur.
1167 675 1217 766 psi

120 769 220 824 erunt
244 757 505 824 transcendendae
528 757 630 824 valles
657 759 803 824 maximoe
828 781 866 824 ac
892 757 1110 836 difficillimas:
1139 783 1219 829 saxa

123 844 237 910 multis
251 843 329 910 locis
344 857 515 934 praerupta
533 845 604 912 iter·
614 844 824 934 inpediebant
839 865 848 920 ;
869 856 908 910 ut
927 869 1016 912 arma
1030 855 1089 936 'per
1104 869 1218 914 manns

123 932 300 998 necessario
321 931 566 998 transderentur
579 931 759 1020 militesque
781 931 893 998 inermi
914 933 1139 1022 sublevatique
1160 933 1217 1004 alii

123 1017 170 1083 ab
183 1015 254 1084 aliis
424 1031 553 1108 partem
566 1019 689 1085 itineris
701 1017 905 1085 conficerent.
955 1018 1023 1085 Sed
1033 1019 1118 1086 hunc
1128 1019 1219 1088 labo·

124 1127 200 1170 rum
215 1127 326 1171 recusa
369 1117 385 1170 t
398 1127 504 1185 nemo,
520 1105 612 1194 quod
625 1129 700 1172 eum
713 1105 853 1172 omnium
873 1106 1020 1172 laborum
1039 1106 1134 1174 linem
1149 1108 1221 1178 foro

122 1191 363 1269 existimabant,
381 1194 408 1258 si
432 1192 556 1260 bostem
574 1193 669 1261 lbero
682 1192 900 1259 intercludere
915 1205 948 1259 et
966 1193 1129 1261 frumento
1145 1217 1219 1288 pro-

123 1269 238 1344 ltibere
293 1280 438 1350 tuissent.

167 1365 222 1430 69.
278 1368 414 1456 cprimo
425 1366 594 1433 Afraniani
603 1365 851 1445 militesvisendi
863 1389 974 1434 cauma
984 1365 1221 1438 laetiexcastr‘m
1339 1413 1340 1431 .

123 1454 362 1542 procurrebant
375 1454 676 1557 contumeliosisque
688 1455 825 1522 vocibus
870 1456 1139 1542 insequebantur,
1161 1477 1221 1524 nec
1249 1473 1251 1476 ·
1335 1505 1339 1518 ,

125 1559 188 1606 non
205 1551 230 1581 ‘⁴
244 1541 410 1608 necessarii
424 1542 529 1608 victus
553 1541 662 1646 inopia
683 1553 814 1624 ¹coactos
838 1477 953 1631 lingere
967 1555 1066 1630 atque
1079 1539 1122 1608 sd
1138 1540 1219 1608 ller·
1240 1551 1254 1570 ⁸

124 1637 147 1668 ‘⁴
163 1626 239 1692 darn
252 1629 374 1694 reverti
384 1631 417 1692 θ’
436 1630 501 1694 erit
512 1629 597 1696 enim
612 1642 675 1694 lter
688 1653 710 1694 a
722 1629 893 1720 proposito
907 1627 1071 1694 diversum
1093 1639 1220 1696 contra·

122 1714 203 1780 riam
229 1737 272 1780 ue
284 1715 318 1780 in
333 1725 459 1806 partem
474 1715 513 1780 iri
528 1714 714 1782 videbatur.
760 1715 867 1781 Duces
888 1736 967 1780 vero
990 1727 1103 1782 eorum
1124 1721 1224 1784 suunt¹

123 1737 290 1866 consilium
304 1803 455 1869 laudibus
474 1803 636 1879 ferebant,
651 1799 741 1890 quod
755 1825 789 1868 se
807 1801 919 1869 castris
934 1801 1121 1877 tenuissent,
1136 1801 1218 1872 mul-

123 1900 260 1976 tumque
273 1911 387 1954 eorum
398 1889 581 1980 opinionem
595 1889 785 1978 adjuvabat,
821 1885 887 1955 uod
912 1888 978 1955 sine
999 1880 1152 1978 jumentis
1170 1889 1218 1956 in·

119 1973 378 2126 polimentisque
409 1977 452 2043 od
482 1977 545 2066 iter
571 1978 738 2067 profectos
761 1911 930 2050 uiiebnnt,
958 1987 1007 2052 ut,
1039 1997 1101 2064 non

143 2061 396 2151 iutiusinopiom
411 2063 579 2139 sustinere,
601 2061 810 2130 confiderent.
857 2061 936 2136 Sed,
962 2060 1022 2129 ubi
1046 1999 1218 2152 partlm

120 2150 306 2238 retorqueri
330 2173 446 2251 agmen
473 2150 517 2216 od
530 2151 679 2217 dextram
692 2161 942 2240 conspexerunt,
953 2149 1083 2238 jamque
1097 2149 1218 2242 primos

118 2257 276 2326 superare
290 2257 453 2326 regionem
464 2251 641 2304 castrorum
653 2238 794 2306 animum
803 2237 1027 2312 adverterunt,
1038 2237 1131 2303 ne'mo
1145 2249 1218 2304 erat

117 2322 203 2391 adeo
216 2322 329 2390 turdus
343 2325 539 2414 autfugiens
554 2324 685 2404 laboris,
722 2325 779 2390 uin
789 2324 899 2391 statim
913 2323 1026 2391 castris
1036 2321 1217 2395 exeundum
1263 2347 1266 2352 ’

118 2403 220 2498 atque
242 2411 474 2478 occurrendum
490 2424 661 2504 putarent.
738 2411 936 2478 onclamatur
948 2409 991 2476 ad
1006 2432 1098 2477 arma
1118 2423 1216 2501 atque

117 2519 276 2564 omnesco
300 2497 349 2573 ioe,
361 2499 472 2588 paucis
483 2499 631 2588 psaesidio
638 2499 760 2566 relictis
769 2498 966 2576 cohortibus,
982 2511 1103 2568 exeunt
1113 2511 1216 2565 recto-

119 2583 274 2673 qussdl
318 2609 389 2650 rum
404 2586 520 2652 itinere
533 2587 743 2654 contendunt.

165 2671 220 2737 70.
243 2672 325 2738 Erat
338 2671 372 2740 in
385 2673 552 2740 celeritate
565 2696 658 2740 omne
673 2675 815 2764 positum
839 2685 1014 2750 certamen,
1036 2669 1104 2738 utri
1127 2661 1218 2760 prius

118 2758 284 2848 angustias
312 2773 502 2850 montesque
530 2784 607 2826 occu
670 2772 750 2826 ent:
788 2757 845 2824 red
876 2759 1053 2826 exercitum
1085 2757 1219 2851 Caemris

119 2845 247 2912 viarum
276 2843 481 2914 difficultates
510 2783 711 2923 tardnbrbln
751 2845 880 2912 Afranii
915 2871 953 2913 co
979 2845 1025 2911 iae
1049 2843 1218 2933 'equitatus'

121 2932 281 2999 Goesarisi
361 2957 438 2999 nens
452 2936 649 3000 morabatur.
696 2933 763 2999 Res
775 2945 881 3000 tamen
896 2931 939 3000 ab
955 2871 1137 2999 liranianis
1152 2929 1217 3000 buc

117 3031 195 3086 erat
208 2956 384 3087 neoelniillo
398 3021 547 3098 deducta,
561 3033 610 3098 ut,
621 3021 647 3086 si
661 3020 784 3112 priores
798 3021 928 3097 montis,
948 3044 1029 3108 quos
1049 3021 1218 3110 petebant,

118 3105 321 3196 adtigissent,
347 3108 408 3200 ipsi
424 3109 605 3200 periculum
619 3109 774 3186 vitarent,
799 3107 1021 3198 inpedimenta
1044 3107 1144 3173 totius
1165 3129 1219 3175 cx·

118 3194 241 3260 orcitus
265 3189 487 3284 cobortesque,
513 3196 547 3262 in
570 3196 681 3265 castris
694 3195 834 3272 relictas,
854 3218 983 3262 servare
997 3215 1061 3259 non
1077 3205 1224 3296 possent,¹

119 3281 251 3369 quibus,
281 3281 462 3349 interclusis
493 3283 637 3350 exercitu
662 3282 806 3358 Caesaris,
835 3281 991 3348 auxilium
1019 3279 1098 3346 lcrrr
1126 3278 1220 3351 nulla

119 3367 245 3434 ratione
260 3381 400 3458 poterat.
447 3371 598 3437 Conlecit
610 3370 701 3460 prior
714 3370 780 3434 iter
795 3369 902 3436 Caesar
913 3379 1024 3456 atque,
1039 3389 1080 3432 ex
1094 3369 1220 3456 magnis

118 3455 258 3546 rupibus
269 3469 380 3522 nactus
388 3455 569 3550 planitiem,
580 3457 613 3523 in
625 3455 685 3522 bac
696 3469 810 3522 contra
821 3454 947 3522 bostem
960 3453 1060 3520 aciem
1074 3453 1218 3521 instruit.

156 3595 236 3654 Non,
247 3599 417 3660 quitum.
433 3595 477 3646 Sic
486 3598 562 3647 codd.
571 3596 642 3650 boui.
693 3594 800 3644 ridetur.
822 3593 888 3644 Ood.
898 3591 1218 3658 puutmbauduimm

121 3656 208 3722 Vulgo
218 3675 330 3724 namqu
337 3665 513 3728 itumque.
692 3661 817 3710 dicebaut.
1078 3721 1083 3732 Ι

159 3724 342 3787 ὒΜίΜς
377 3742 453 3777 socc.
498 3726 551 3778 Alii
577 3727 644 3778 male
726 3721 1215 3776 Amumratverremualuontmd·

124 3789 362 3853 difficillimum.
691 3799 828 3842 τετῶν-ιω.

157 3854 443 3906 Immotum.
727 3857 848 3906 Νικησ-
915 3853 1215 3906 rerutllaecoonrtmctio

156 3919 209 3970 Nec
223 3933 276 3967 nort
291 3935 306 3968 e
323 3921 399 3970 codd.
423 3922 514 3972 Paucis
529 3921 642 3972 additum
693 3921 762 3970 bona
777 3929 804 3970 et
820 3929 922 3970 usitato.
950 3917 1011 3969 Vid.
1024 3919 1091 3969 Oud.
1101 3917 1133 3968 ad
1144 3919 1214 3969 Suet.

121 3989 167 4032 est.
184 3981 332 4035 omiserant
352 3987 410 4036 edd.
429 3989 497 4050 vulg.
524 3989 642 4036 Sericum
693 3987 799 4036 lulis.
832 3985 1037 4051 Vulgoputarct,
1054 3983 1214 4050 quostnt-

120 4047 311 4113 atticorum
329 4050 376 4101 illo
396 4067 442 4102 nec
461 4067 513 4103 m
534 4051 645 4102 luteam
693 4051 759 4102 icius
770 4049 889 4100 defendit.

121 4120 221 4164 mut
231 4115 290 4165 lton:
310 4124 400 4182 putem
419 4118 570 4182 legendum:
584 4133 645 4184 pro·
728 4117 784 4182 Ipsi
796 4115 925 4179 (quidem)
938 4132 993 4180 per.
1009 4119 1126 4174 citarent
1146 4115 1216 4178 (red)

120 4179 401 4242 oequtorurmm,
418 4187 645 4232 memorii-m
695 4183 778 4248 capeti.
790 4193 948 4232 reruarcnon
955 4189 1061 4244 portent.
1084 4181 1122 4230 Μ.

123 4244 162 4293 M.
182 4245 391 4296 llocodmodum
405 4246 471 4298 milri
487 4247 646 4314 probandum
730 4247 773 4295 Ec
787 4250 886 4312 mapale
900 4247 1014 4311 ruplbur.
1028 4245 1124 4296 ictu
1197 4249 1203 4260 ”

694 4328 730 4363 sn.
739 4327 799 4376 rup.
806 4312 917 4362 Gronov.
927 4311 983 4362 obs.
994 4315 1019 4372 ⁴,
1032 4314 1071 4362 10.
1082 4313 1104 4362 G
1134 4313 1227 4361 crint.
