2909 4809
246 187 313 255 284
580 183 646 254 DE
668 183 821 264 BELLO
843 184 1001 256 GlVlLl.

244 372 360 450 silim,
381 371 431 440 luis
450 373 494 440 D.
511 371 651 439 Brutum
664 373 813 462 praeficit:
838 373 878 442 0.
895 370 1091 442 Trebonium
1111 370 1272 460 legatum
1290 367 1339 434 ad

222 459 290 530 'ob
315 461 523 551 agnationem
536 459 688 526 Massiliae
699 459 865 550 relinquit.

334 595 343 612 .
366 547 455 614 Dum
468 545 536 612 base
553 559 648 634 parat
663 557 763 636 atque
782 543 997 622 administrat,
1013 544 1060 611 ,0.
1078 543 1214 611 Fabium
1229 542 1336 630 lega·

245 645 321 702 tum·
330 657 402 699 eam
415 632 596 722 legionibus
610 631 725 710 tribus,
747 657 829 722 quas
845 633 1000 700 Narbone
1012 629 1195 720 circumque
1209 651 1248 696 ea
1262 628 1338 696 loca

244 718 407 788 hiemandi
420 741 530 785 cauam
542 719 756 808 disposuerat,
779 721 812 785 in
828 720 1015 822 ldispaniam
1029 717 1210 820 prmmittit,
1223 714 1338 782 celeri·

245 802 1337 1044 tuus-‘eurtumattestantium

244 1001 320 1068 quie
343 978 470 1067 longium
494 978 688 1055 hiemabant,
711 979 862 1068 subsequi
888 979 1005 1068 jubet·
1039 977 1085 1044 Fa
1109 979 1166 1056 ius,
1189 989 1233 1042 ut
1261 989 1336 1041 erat

204 1081 210 1088 “
243 1066 451 1154 imperatum,
476 1063 624 1144 adhibita
648 1064 826 1142 celeritate,
849 1065 1029 1155 praesidium
1052 1089 1093 1130 ex
1109 1065 1195 1130 saltu
1214 1060 1337 1150 dejecit

341 1151 348 1165 '
389 1175 431 1216 ue
443 1149 612 1216 itineribus
626 1152 667 1218 ad
681 1153 857 1220 exercitum
872 1151 999 1218 Afranii
1011 1151 1186 1217 contendit.

286 1237 341 1303 38.
394 1237 516 1303 dventu
530 1237 569 1302 L.
587 1238 724 1305 Vibullii
739 1231 939 1326 Rufi,'quem
953 1262 973 1303 a
988 1237 1142 1327 Pompeio
1156 1237 1284 1304 missum
1299 1235 1335 1300 in

245 1322 437 1411 Hispaniam
447 1323 700 1392 demonstratum
709 1338 770 1402 est,
792 1325 947 1392 Afranius
958 1337 992 1390 et
1006 1324 1153 1390 Petreius
1164 1335 1198 1388 et
1212 1321 1334 1396 Virro,

244 1409 362 1498 Legati
386 1411 542 1499 Pompeii,
563 1433 703 1499 quorum
724 1435 805 1478 unus
827 1413 930 1478 tribus
949 1411 1127 1499 legionibus
1143 1409 1204 1476 His
1267 1408 1335 1472 iam

242 1496 440 1562 citeriorem:
474 1497 557 1563 alter
585 1521 605 1563 a
632 1499 719 1564 saltu
750 1499 971 1567 Castulonensi
1000 1497 1042 1562 ad
1072 1498 1177 1562 Anam
1230 1494 1334 1560 nebus

241 1573 447 1671 legionibus!
462 1584 580 1650 tertius
590 1586 633 1650 ab
648 1585 722 1650 Ana
738 1585 916 1652 Vettonum
939 1603 1054 1672 agrum
1069 1581 1334 1667 Lusitaniamque

239 1669 314 1758 pari
327 1692 461 1736 numero
475 1670 637 1759 legionum
655 1671 835 1748 obtinebat,
857 1671 960 1738 officis
982 1669 1066 1735 inter
1080 1694 1114 1736 se
1128 1667 1333 1758 partiuntur,

240 1754 292 1822 uti
318 1755 464 1822 Petreius
485 1781 526 1823 ex
541 1756 706 1823 Lusitania
730 1781 789 1847 per
805 1759 961 1823 Vettones
980 1780 1053 1822 eum
1072 1755 1219 1822 omnibus
1233 1752 1336 1840 copiis

164 1899 171 1910 .
240 1842 283 1908 ad
312 1843 482 1908 Afranium
509 1842 745 1932 proficiscatur;
781 1845 886 1910 Varro
911 1843 1055 1918 samiis,
1080 1865 1158 1930 quas
1179 1840 1334 1915 habebat,

239 1925 422 2016 legionibus
433 1952 560 1996 omnem
574 1931 763 1998 ulteriorem
778 1929 963 2032 Hispaniam
977 1941 1123 1996 tueatum
1159 1927 1221 1993 His
1235 1925 1334 1992 rebus

240 2015 434 2090 constitutis,
490 2016 573 2081 uites
586 2016 771 2104 auxiliaque
785 2028 848 2083 totu
864 2015 1069 2081 Lusitaniaea
1086 2015 1232 2087 Petreio;
1256 2011 1333 2078 Cel·

239 2099 366 2176 tiberis,
380 2039 552 2166 Canetlbris
562 2102 775 2189 barbarisque
786 2102 944 2178 omnibus,
959 2102 1015 2188 qui
1029 2103 1070 2168 ad
1085 2101 1247 2166 Oceanum
1259 2122 1334 2200 pet·

240 2186 356 2262 tinent,
382 2186 426 2252 ab
454 2186 589 2252 Afranio
617 2188 828 2277 imperantur.
874 2188 999 2264 Quibus
1026 2188 1154 2263 coactis,
1180 2186 1332 2251 celerrter

241 2271 388 2338 Petreius
410 2297 469 2360 per
484 2273 640 2338 Vettones
660 2274 703 2341 ad
718 2273 890 2340 Afranium
915 2276 1071 2363 pervenit.
1118 2273 1333 2339 Constitnunt

134 2419 143 2430 ,
237 2358 399 2424 communi
412 2358 556 2437 consilio,
576 2359 698 2427 bellum
709 2361 752 2426 ad
768 2359 920 2436 Ilerdam,
935 2375 1070 2450 propter
1085 2359 1182 2449 ipsius
1195 2358 1258 2426 loci
1272 2359 1331 2424 ob·
1437 2425 1438 2432 χ

238 2444 482 2533 portunitatem,
497 2469 644 2536 gerere.⁴
921 2491 925 2500 ·
973 2492 977 2498 -

282 2529 337 2596 39.
360 2531 477 2608 Erant,
497 2545 535 2599 ut
557 2557 656 2622 supra
674 2532 928 2600 demonstratum
954 2543 1014 2607 est,
1039 2531 1179 2622 legiones
1202 2529 1332 2596 Afranii

239 2627 322 2693 aas,
344 2617 465 2684 Petreii
485 2618 569 2696 duae,
616 2632 750 2686 raeterea
772 2631 904 2687 scutetae
925 2618 1082 2685 citerioris
1104 2617 1277 2706 provincias
1296 2629 1332 2683 et

239 2715 372 2770 cetratus
385 2705 550 2772 ulterioris
601 2707 729 2795 ispaniae
743 2707 889 2774 cobortes
902 2705 1029 2772 circiter
1043 2705 1219 2794 octaginta,
1240 2703 1332 2790 equi·

238 2801 310 2855 tum
331 2792 498 2878 utriusque
521 2793 693 2880 prouinciae
714 2791 842 2860 circiter
864 2791 1006 2880 quinque
1020 2791 1118 2858 milia.
1164 2791 1272 2868 Caessr
1288 2791 1333 2856 le·

239 2875 350 2964 giones
361 2877 394 2941 in
405 2877 594 2966 Hispaniam
603 2880 811 2968 praemiserat,
819 2880 858 2946 ad
871 2903 926 2944 sex
935 2877 1025 2943 milia
1037 2877 1157 2943 auxilia
1169 2875 1332 2964 peditum,

239 2960 387 3049 equitum
397 2961 462 3028 tria
473 2963 572 3039 milia,
585 2989 659 3054 quae
670 2965 819 3032 omnibus
826 2963 1045 3054 superioribus
1056 2963 1149 3030 bellis
1158 2963 1331 3039 babuerat,

237 3060 273 3112 et
287 3071 398 3136 parem
421 3072 462 3114 ex
478 3049 587 3116 Gallia
599 3073 780 3128 numerum,
801 3075 897 3152 quem
911 3052 978 3140 ipss
990 3060 1173 3140 paraverat,
1187 3051 1332 3116 nomina-

239 3133 299 3199 tim
313 3157 354 3199 ex
368 3134 515 3201 omnibus
536 3137 722 3203 civitatibus
746 3137 940 3204 nobilissimo
956 3149 990 3202 et
1010 3136 1180 3204 fortissimo
1198 3159 1332 3236 quoque

237 3233 384 3288 evocato.
431 3221 517 3288 Hinc
531 3224 647 3312 optimi
670 3224 797 3312 generis
818 3224 979 3290 hominum
1000 3246 1041 3288 ex
1055 3224 1228 3312 Aquitams
1240 3245 1333 3290 mon·
1437 3245 1438 3248 ’

254 3386 497 3449 ‚cambuttam
531 3384 636 3435 Videtur
652 3395 762 3451 quatuor
841 3387 920 3440 Quem
936 3389 989 3450 s'prs
1006 3393 1152 3450 wormat.
1184 3384 1237 3435 Alii

240 3446 371 3498 babuisse.
386 3449 513 3501 cte-⁴⁰.
528 3450 760 3501 duriniusnotavit.
805 3455 860 3514 s'pse
876 3458 1020 3516 pacauerat·
1060 3450 1142 3509 Quasi
1161 3465 1222 3500 vero
1242 3401 1331 3500 w

272 3516 527 3565 Βωοηιωωηιοα.
547 3515 623 3564 Cant.
631 3531 655 3564 e.
666 3519 707 3564 ³⁴.
718 3517 759 3566 Μ.
807 3531 910 3565 necesse
932 3515 1026 3568 babeat
1045 3515 1138 3576 dicere,
1160 3529 1189 3564 se
1214 3515 1328 3566 Gallium

274 3581 759 3630 &amarmurmulus—
807 3596 918 3645 pecasse
1077 3589 1120 3616 ³*
1210 3578 1215 3588 '
1302 3609 1309 3616 ·

239 3644 329 3695 Mes.
359 3643 650 3707 MounitGlaudorpius.
681 3645 759 3694 cr.e.
842 3647 918 3696 Hauc.
949 3641 1036 3693 Verba
1050 3643 1112 3699 bl.
1130 3643 1248 3695 mutilata
1263 3659 1329 3703 esse,

239 3711 281 3757 55.
298 3709 337 3756 Μ.
381 3708 446 3758 Scal.
467 3708 534 3758 male
557 3713 649 3760 temti
675 3708 760 3760 inritis
807 3709 1223 3774 adpareuetmonueremuuinr.
1239 3709 1328 3760 Daris.

238 3772 315 3820 codd.
325 3779 351 3820 et
360 3774 421 3823 edd.
429 3781 482 3822 vet.
637 3823 640 3827 ,
807 3775 946 3839 suspicatur
957 3774 1091 3837 legendum
1103 3775 1192 3825 Aruas
1207 3783 1259 3837 opt.
1271 3790 1329 3839 pera.

275 3839 361 3897 Ceam
385 3839 504 3901 lamnas.
547 3837 661 3888 Jurinius
689 3838 761 3889 addit
807 3841 926 3896 hom.
953 3845 982 3887 ut
1010 3839 1087 3888 habet
1113 3838 1194 3888 editio
1223 3839 1329 3888 Valcos.

240 3897 410 3951 iturust.
807 3904 868 3954 lnde
888 3904 984 3968 recepit
1001 3901 1091 3952 cartre
1115 3905 1185 3952 Hiera
1203 3913 1253 3968 ομ.
1272 3919 1329 3966 pen.

275 3965 466 4017 Quaenam
493 3966 759 4022 HocQuaedeenein
807 3967 1011 4034 leonumqucd
1029 3967 1118 4031 probat
1134 3967 1329 4020 Oud.cuicum

239 4027 671 4082 codd.etedd.vet.testatu10ud.
709 4031 760 4083 Ve-
807 4034 912 4084 Clarkio
931 4031 1063 4085 adridebat
1083 4033 1207 4084 etaltera
1229 4031 1328 4084 Davisii

239 4105 296 4140 rum
312 4091 460 4167 inbledicl.
473 4098 544 4148 lits.
569 4098 634 4150 Vsu.
653 4099 761 4150 limet
807 4098 1052 4162 conjecturaoptr'ma'
1065 4101 1273 4164 ysmlucau'ausa
1289 4097 1329 4148 u.

238 4157 401 4229 seq-legum.
602 4212 606 4218 ,
662 4204 665 4210 .
734 4207 738 4214 ,
809 4163 853 4217 Nil
868 4171 953 4218 umen
966 4163 1327 4234 iutertumutaraesteusm,
