2909 4809
382 269 470 340 LIB.
517 270 702 344 οΑΡ.,60
723 271 811 342 -62
858 319 868 342 .
1141 280 1207 394 513⁴}

104 458 301 550 Segitturios
323 462 411 529 veris
438 463 631 552 passimque,
652 460 731 530 locis
752 461 848 530 certis
870 463 1073 557 nuximeque
1093 465 1126 534 iu
1140 493 1212 538 cor-

102 548 210 627 nibus,
224 547 459 616 conlocauerat.
656 582 661 596 ι

146 634 199 700 61.
225 635 281 700 Sic
295 649 512 725 utrorumque
526 636 687 702 exereitus
702 637 864 716 instructi,
887 659 950 706 non
967 639 1042 728 plns
1150 665 1206 708 um

101 729 326 824 trecentorum
344 724 513 813 interjecto
535 723 653 824 spretio,
674 723 764 826 quod
783 725 918 791 forsitan
940 737 1015 792 ante
1029 663 1207 817 iffipus

100 808 264 878 acciderat
289 833 467 899 nunquam,
503 833 583 898 quin
612 809 834 889 dirmceretur,
863 834 883 878 e
911 833 1002 878 mene
1031 837 1134 902 usqne
1163 813 1207 882 sd

100 897 217 965 horem
239 895 396 964 decimam
416 898 482 964 diei
502 897 726 1002 perstiterunt.
772 899 913 988 Jamque
937 899 1138 967 Ceser‘dum
1151 925 1207 970 ex·

100 987 240 1052 ercitum
253 985 406 1052 reducere
419 985 506 1052 intra
516 985 711 1051 munitiones
726 1009 799 1052 suas
823 987 983 1076 coepisset,
1007 987 1116 1054 subito
1137 989 1207 1057 uni·

100 1095 253 1138 venuse
278 1072 400 1138 uitatus
423 1070 561 1138 ulterior
595 1071 815 1139 Numidarum
840 1071 1109 1165 Getulorumque
1138 1077 1206 1144 sine

98 1161 201 1227 frenis
226 1095 277 1225 ud
296 1159 446 1227 dextram
474 1172 602 1247 portem
629 1183 663 1225 se
687 1183 817 1227 movere
846 1160 1046 1250 propiusque
1075 1163 1223 1232 umoris·

98 1259 219 1322 castra,
234 1248 463 1335 quaerentis
480 1247 575 1323 colle,
588 1271 623 1312 se
636 1247 784 1314 conferre
799 1248 918 1338 coepit:
941 1249 1084 1315 frenatus
1096 1264 1208 1318 autem

101 1333 238 1400 labieni
267 1344 366 1436 eques
397 1337 429 1401 in
464 1333 535 1400 loco
566 1356 756 1423 permonere
789 1335 896 1425 legion
954 1359 995 1401 ue
1031 1337 1205 1404 distinere:

100 1442 205 1511 quum
233 1421 342 1491 subito
372 1446 447 1511 pnrs
474 1421 641 1510 equitatus
670 1422 805 1490 Gaesaris
835 1447 908 1489 cum
948 1424 1001 1489 evi
1028 1439 1206 1504 armatura,

99 1521 216 1575 contre
231 1509 379 1576 Gaetulos
391 1509 512 1599 injussu
532 1533 571 1574 ac
585 1521 705 1576 temere
718 1509 846 1598 longius
866 1510 1025 1614 progressi
1040 1511 1207 1600 paludem·

100 1619 168 1685 que
191 1597 391 1685 trangressi,
415 1596 660 1663 multitudinem
680 1596 819 1664 hostium
843 1621 938 1687 pauci
963 1599 1119 1665 sustinere
1142 1590 1206 1666 non

101 1698 306 1775 potuerunt3
337 1685 465 1775 levique
488 1698 654 1751 armatura
678 1684 798 1752 deserti
819 1709 857 1750 ac
883 1684 970 1786 pulsi
997 1686 1208 1753 convulnere-

101 1773 208 1862 tique,
223 1796 289 1838 uno
303 1774 414 1862 equite
428 1774 554 1851 amisso,
571 1771 682 1838 multis
695 1771 787 1860 equis
800 1773 926 1848 sauciis,
942 1772 1021 1838 levis
1036 1784 1208 1842 amnaturae

100 1857 237 1926 XXVII
261 1861 382 1938 occisis,
402 1859 445 1926 ad
466 1884 541 1926 suos
563 1861 766 1947 refugerunt.
812 1860 888 1935 Quo
910 1859 1050 1926 secundo
1066 1861 1209 1948 equestri

129 1947 222 2014 roelio
249 1947 349 2024 facto,
376 1948 487 2035 Scipio
513 1947 606 2014 letus
632 1948 664 2012 in
690 1959 796 2012 cestre
815 1959 908 2013 nocte
930 1947 1039 2035 copies
1063 1947 1206 2014 reduxit.

101 1972 203 2112 ¹&uod
218 2035 388 2136 proprium
413 2033 567 2123 gaudium
592 2033 789 2099 bellantibus
813 2033 944 2100 fortuna
972 2033 1117 2101 tribuere
1144 2055 1209 2101 non

100 2119 273 2190 decrevit:
296 2144 435 2209 namque
450 2135 580 2210 postero
594 2119 648 2186 die
665 2118 773 2185 Cesar
787 2143 861 2184 cum
873 2133 967 2207 perte
981 2121 1145 2208 equitatus
1158 2122 1210 2190 sui

101 2209 247 2298 Leptim,
262 2206 417 2274 frumenti
431 2209 549 2296 gretie,
564 2206 662 2274 misit.
692 2207 732 2272 In
746 2196 861 2272 itindre
874 2205 1071 2308 predatores
1081 2207 1209 2296 equites

102 2294 265 2366 Numidas
286 2293 497 2382 Gaetulosque
527 2318 568 2359 ex
595 2293 761 2394 inproviso
779 2292 888 2359 adorti
914 2292 1044 2360 circiter
1077 2307 1208 2362 centurn

99 2383 225 2476 purtim
245 2378 589 2470 occiderunt,psrtin1
610 2404 761 2448 vivorum
783 2381 881 2468 potiti
902 2397 988 2448 sunt.
1035 2381 1143 2448 cesar
1164 2383 1210 2448 in-

99 2472 198 2540 terim
222 2467 370 2559 quotidie
398 2469 539 2557 legiones
566 2469 599 2534 in
631 2490 782 2558 campum
809 2467 970 2534 deducere
999 2481 1098 2556 atque
1127 2490 1208 2558 opus

99 2561 209 2626 faeere
235 2556 425 2644 vallumque
450 2569 484 2622 et
510 2555 628 2622 fossum
648 2579 710 2644 per
735 2553 878 2620 medium
900 2577 1049 2643 campum
1072 2553 1207 2633 ducere,

97 2643 419 2730 adversariorumque
435 2642 677 2711 excursionibus
694 2642 759 2708 iter
773 2639 913 2708 obficere
928 2664 992 2707 non
1006 2642 1207 2708 intermittit.

101 2732 159 2801 Sci
186 2731 217 2797 io
231 2732 311 2796 item
325 2729 503 2796 munitione
516 2743 632 2796 contra
645 2728 752 2796 fecere
765 2739 811 2803 st,
834 2750 874 2792 ne
883 2728 995 2816 jugos
1011 2728 1137 2793 Cesure
1152 2751 1207 2794 ex-

97 2757 302 2894 cluderetur,
317 2817 545 2906 sdpropersre.
595 2815 648 2880 Ita
671 2816 781 2883 Duces
804 2814 935 2903 utrique
951 2825 985 2878 et
1003 2813 1037 2878 in
1051 2814 1206 2902 operibus

98 2906 250 3008 occupati
272 2916 366 2970 erent
385 2916 419 2970 et
444 2904 545 2972 nihilo
567 2903 672 2970 minus
692 2902 896 2992 equestribus
917 2900 1040 2989 proeliis
1061 2901 1146 2968 inter
1171 2926 1206 2983 se

99 2992 250 3086 quotidie
264 2991 474 3058 dimicabunt.

146 3081 200 3147 62.
224 3079 359 3146 Interim
390 3077 497 3144 Varus
526 3077 670 3155 classem,
686 3093 798 3165 ‘quam
826 3087 922 3141 antes
952 3074 1059 3140 Uticae
1095 3073 1207 3142 hiemis

98 3169 209 3261 gratia
232 3165 445 3243 subduxerat,
468 3165 599 3254 cognito
623 3163 756 3254 legionis
775 3162 842 3230 VII
868 3175 902 3230 et
926 3159 1012 3227 VIII
1032 3184 1071 3228 ex
1096 3161 1207 3228 Sicilia

137 3371 264 3422 Forsitan
284 3363 327 3415 Sic
337 3363 410 3416 codd.
432 3362 516 3427 Vulgo
520 3362 598 3425 forts.
677 3361 726 3424 (sic
734 3361 839 3426 quidem
849 3359 938 3417 codd.)
952 3360 1207 3424 scutatas-mou-

138 3437 243 3486 Horum
250 3432 381 3482 demam.
391 3426 630 3480 Estcircitertertis
677 3436 713 3478 set
728 3427 778 3488 (sic
797 3441 861 3476 unus
876 3426 946 3487 cod.)
962 3429 991 3476 ἐπ
1008 3427 1144 3474 cmm.
1167 3421 1207 3472 Μ.

98 3494 630 3565 sutqmrnpomeriuuns.Moxproaum
678 3491 748 3543 Idem
760 3491 971 3557 plccetDavisio.
996 3487 1136 3554 vulgatum
1146 3486 1206 3536 reti·

102 3568 238 3633 legendum
247 3572 384 3628 estqaum.
401 3562 439 3610 M.
491 3602 496 3616 ,
678 3553 1205 3616 netclsrke,subauditomtluss.Oudeud.

138 3633 164 3682 Ε
203 3635 209 3646 “
283 3631 397 3686 suone
413 3641 500 3690 quem,
516 3632 628 3674 otestc.
677 3621 848 3686 subintelligit
865 3621 1069 3684 summum.
1119 3615 1206 3666 Verba

102 3699 145 3759 59,
196 3694 252 3759 ipio
276 3693 377 3757 longius
395 3706 412 3739 a
433 3691 523 3741 ceteris
543 3689 630 3755 copiis
671 3684 1205 3754 snmesuputeoscoddasriisexunnr.

102 3757 328 3828 promoveretsM.
712 3753 890 3814 Iterobficere.
930 3751 977 3800 Vel
994 3753 1041 3800 iter
1056 3748 1139 3822 deleo,
1160 3748 1203 3797 vel

137 3829 205 3878 Pars
224 3825 531 3889 equum-proprese.
567 3819 630 3884 Syn·
676 3819 735 3869 s'tal
784 3854 791 3868 .
820 3819 948 3867 Davisius.
968 3817 1037 3864 Idem
1049 3811 1204 3864 senutOud.

100 3891 192 3944 thesis.
207 3891 285 3940 Plane
295 3888 333 3938 sic
344 3887 447 3938 Sallust.
471 3887 584 3950 Jug.so.
677 3883 740 3934 item
793 3883 837 3932 otl.
860 3883 951 3932 Itinen'
969 3883 1077 3930 hostisue
1093 3877 1204 3938 obstem.

138 3959 277 4021 Proprium
289 3953 423 4019 pendium.
440 3951 537 4002 vidod
549 3967 573 4001 c.
590 3954 628 4000 82.
677 3949 740 3999 Sall.
762 3947 840 3998 hebet
855 3963 880 3996 c.
902 3953 942 3995 52.
988 3943 1131 3995 Tmnsitive
1149 3941 1203 3994 dici

102 4023 143 4075 Μ.
166 4019 543 4082 Promissumuuodperpersm
556 4018 628 4066 dam-
678 4030 754 4079 posse
769 4020 854 4063 censet
870 4009 1007 4070 cellarius,
1038 4009 1081 4058 uis
1104 4009 1204 4072 penius

100 4097 145 4140 nst
161 4085 290 4150 Salicem
316 4082 385 4132 velet
404 4082 471 4131 idem
490 4083 558 4146 quod
576 4083 630 4142 sed,
676 4079 859 4143 spudLucret.
875 4081 900 4136 2,
919 4079 974 4126 15³.
1048 4077 1135 4126 tumre
1150 4089 1205 4126 cor·

27 4174 28 4193 r
99 4153 188 4220 judice
207 4150 324 4200 Davisio.
349 4147 444 4198 Verum
461 4163 508 4198 nec
523 4147 628 4197 hocne-
673 4145 788 4210 maculo.
811 4152 836 4194 et
850 4143 876 4204 4,
897 4143 953 4191 tot.
984 4141 1100 4206 Corporis
1119 4135 1203 4202 offensi

101 4234 184 4270 ωηο.
201 4211 626 4277 Rektivumestetbenepositnm.
677 4225 771 4264 meur·

136 4278 364 4350 Μωυσῆ·
382 4278 632 4344 lercensem
1024 4333 1079 4386 ,L
