2909 4809
483 296 572 369 ΜΒ.
595 301 707 372 ΟΑΡ..
726 301 864 375 11-14,
953 307 960 320 ”
1148 301 1211 370 481

104 492 386 588 quorumparvus·
401 511 566 569 numerus,
587 512 628 555 er
641 489 754 556 castris
768 489 894 566 arcessi,
916 499 1016 576 atque
1035 485 1211 554 ordinatim
1321 485 1327 503 '

103 595 198 675 mgna
215 597 249 640 ae
274 575 390 642 leniter
412 578 580 666 consequi:
614 577 683 665 ipse
711 575 901 680 antecedere
924 599 1002 679 'cum
1027 575 1136 677 paucis
1150 599 1209 678 ‘ar-

102 661 934 902 tttdtttt’ttti‚iffii‘gtnfsstttf
951 661 1211 826 Piiir’uiiiiff

104 853 189 900 runo·
205 857 358 902 numerus
375 837 441 903 furt
465 849 602 926 trrgrnta
614 860 653 902 co
675 837 807 916 ortium,
835 858 911 904 cum
932 833 1096 925 equitibus
1127 855 1208 923 qua-

101 919 127 985 d
146 919 153 936 '
201 924 284 988 entis
298 936 334 988 et
346 925 521 1014 sagittariis
536 923 607 990 CL.
862 985 865 990 .
1203 951 1206 958 ·

128 942 207 1073 Ἣ
229 1009 350 1076 Hostes
371 1013 512 1089 interim,
538 1033 682 1099 quorum
699 1013 780 1079 Dux
802 1025 873 1079 erat
892 1010 1064 1087 labienus,
1082 1021 1117 1075 et
1137 1007 1208 1093 duo

104 1093 242 1172 Pacidii,
263 1095 365 1164 ariam
384 1097 533 1188 dirigunt
556 1098 698 1165 mirabili
724 1098 938 1188 longitudine,
960 1121 1024 1165 non
1044 1095 1204 1186 peditum,

100 1179 161 1246 aed
175 1183 334 1270 equitum,
354 1185 551 1261 confertam
573 1199 608 1250 et
626 1186 784 1253 intereos
798 1187 878 1253 levis
891 1198 1064 1252 armaturae
1088 1183 1209 1249 Numi.

100 1267 163 1333 das
171 1280 206 1335 et
212 1271 397 1360 sagittarios
406 1273 532 1375 pedites
541 1273 804 1362 interposuerant
816 1284 850 1338 et
863 1275 910 1339 ita
921 1273 1205 1346 commeaverant,

101 1368 143 1420 at
155 1358 272 1446 procul
297 1359 470 1426 Caesariani
491 1359 654 1450 pedestres
676 1361 787 1450 copias
800 1362 1058 1433 urbicremarum
1080 1369 1116 1424 et
1130 1357 1208 1424 dex-

102 1451 193 1510 trum
206 1467 245 1510 ac
258 1446 422 1513 sinistrum
442 1469 543 1512 cornu
561 1445 718 1537 magnino
742 1448 847 1512 uitum
865 1447 965 1536 copiis
987 1447 1206 1512 firmaverant.

102 1527 242 1633 Interim
264 1533 372 1599 Cum·
392 1533 494 1600 aciem
512 1533 629 1623 dirigit
642 1469 829 1622 simpiic'em,
851 1547 889 1600 ut
903 1545 1044 1636 poterat,
1067 1544 1207 1684 propter

101 1630 322 1706 paucitatem:
345 1621 529 1712 sagittarios
546 1633 622 1686 ante
645 1622 748 1686 aciem
769 1621 953 1688 constituit:
978 1620 1104 1708 equites
1152 1642 1207 1684 ex«

101 1717 159 1771 tro
173 1705 263 1771 sinist
324 1731 366 1773 ue
379 1731 481 1775 cornu
495 1708 643 1797 obponit,
657 1720 691 1773 et
705 1708 751 1772 ita
762 1708 924 1810 praecipit,
935 1719 973 1774 ut
984 1704 1207 1795 providerent,

11 1838 12 1845 1
99 1812 146 1856 ne
167 1792 280 1858 multit
324 1795 376 1860 ine
399 1794 564 1883 equitatus
582 1793 724 1859 hostium
742 1795 1074 1861 crrcumvenirentur:
1099 1791 1207 1858 existi·

100 1878 214 1946 mabat
228 1880 330 1959 enim,
353 1905 386 1947 sc
401 1905 475 1948 cum
494 1880 699 1971 pedestribus
722 1882 824 1971 copiis
845 1882 913 1948 acie
935 1883 1093 1948 instructa
1113 1879 1208 1946 dimi,

11 2010 12 2021 ,
100 1975 266 2033 catorum.
457 1984 465 1996 ‘

150 2052 203 2118 14.
225 2055 337 2131 Quum
361 2054 528 2143 utrimque
554 2055 751 2145 exspectatio
779 2052 883 2132 fieret,
910 2076 1016 2142 neque
1044 2054 1152 2120 Caesar
1166 2079 1207 2122 se·

11 2178 12 2187 κ
101 2153 298 2217 removeret,
325 2155 359 2208 et
385 2164 459 2206 cum
482 2165 616 2208 suorum
641 2141 806 2231 paucitate
834 2152 949 2208 contra
964 2163 1113 2229 magnam
1135 2143 1202 2208 vim

99 2223 394 2294 hostium'artificio
409 2229 521 2318 magia,
535 2252 635 2317 quam
651 2229 784 2306 viribus,
800 2227 1036 2296 decernendum
1055 2229 1180 2294 videret
1192 2252 1209 2303 ;,

98 2314 211 2381 subito
222 2313 481 2381 adversariorum
494 2315 738 2404 equitatoaseae
760 2314 933 2383 extendere
948 2327 982 2380 at
1006 2314 1038 2379 in
1059 2314 1206 2382 latitudi-

12 2442 13 2447 κ
99 2423 177 2467 nem
189 2423 380 2490 promovere
394 2402 557 2490 collesque
572 2402 744 2491 complecti
760 2416 794 2468 et
807 2401 941 2469 Caesaris
955 2401 1137 2489 equitatum
1152 2427 1205 2468 ex-

100 2499 239 2554 tenuare
253 2490 412 2576 simulque
426 2488 469 2554 ad
481 2488 746 2556 circumeundum
767 2513 953 2579 comparare
973 2513 1006 2554 ae
1024 2501 1204 2576 coeperunt.

12 2616 13 2623 κ
104 2574 280 2642 Canariam
313 2577 438 2664 equites
463 2599 576 2642 eorum
606 2577 848 2642 multitudinem
878 2599 964 2664 aegre
990 2575 1203 2642 sustinebant.

104 2661 202 2727 Acies
214 2662 343 2729 interim
362 2663 475 2729 mediae
489 2685 590 2751 quum
611 2685 804 2730 concurrere
818 2672 1023 2740 conarentur,
1043 2661 1151 2727 subito
1164 2661 1219 2727 ex'

49 2752 54 2762 “
99 2748 267 2816 condensis
278 2749 393 2816 turmis
412 2749 538 2840 pedites
555 2745 800 2836 Numidoe'lcvis
814 2761 986 2815 armaturae
1000 2771 1073 2814 cum
1087 2748 1204 2841 equiti·

139 2889 288 2950 Onlbmtira,
322 2891 455 2942 ordinibus
490 2889 625 2951 instructis,
675 2889 720 2940 lici
730 2891 878 2955 conjectura
887 2889 986 2938 addidit
994 2889 1202 2954 Oudendorpiua,

102 2952 197 3020 Νηρέα
216 2971 249 3006 aa
265 2957 562 3008 castromonasterii
582 2955 626 3016 (T.
678 2956 739 3020 quia
750 2957 776 3006 in
794 2957 869 3006 codd.
889 2954 954 3004 inter
970 2954 1048 3004 verba
1065 2959 1200 3021 roptttara‘r'r

105 3025 134 3072 4.
145 3037 172 3085 p.
187 3025 233 3071 18⁵
250 3024 317 3086 sqq.)
334 3024 372 3072 Μ.
396 3025 467 3072 Adde
479 3021 557 3071 Mem.
568 3020 627 3070 crit.
678 3026 705 3070 et
718 3023 806 3071 Hostes
817 3020 908 3082 legitur
919 3027 942 3069 et
962 3023 1047 3070 aeusi.
1063 3021 1102 3070 Μ.

105 3103 135 3151 p.
148 3090 206 3136 511.
238 3087 297 3136 lnde
314 3089 386 3137 denti
400 3089 568 3146 ordinantem
583 3088 629 3136 bo·
712 3088 821 3136 Pacidia'.
839 3086 889 3134 Alii
902 3087 1014 3135 Pacidei.

101 3153 173 3202 raim
196 3150 290 3216 ranqe'e
308 3167 353 3204 aar
371 3153 499 3217 became
520 3153 552 3200 de
571 3167 630 3215 pro·
712 3154 801 3202 caesar
816 3167 855 3202 aa.
869 3152 919 3200 dtr.
939 3153 1021 3214 simpl.
1057 3152 1083 3200 11
1103 3167 1202 3218 ranyeo

94 3217 219 3295 joacim,
242 3218 314 3281 cujus
333 3218 486 3268 contrarium
511 3219 568 3267 rori
588 3231 629 3266 otr-
677 3223 941 3280 aeatroupeaaarunc
956 3218 1051 3264 couleti
1069 3231 1108 3264 ne.
1124 3215 1201 3266 Guis·
1292 3251 1298 3260 .

179 3317 186 3331 .
321 3325 325 3333 ,
621 3333 624 3338 ,
677 3281 765 3341 cbard.
789 3283 821 3330 Τ.
841 3286 866 3332 4.
883 3295 908 3343 p.
931 3282 985 3328 191.
1003 3281 1043 3328 vei
1078 3281 1114 3328 ol.
1135 3287 1159 3330 9.
1173 3297 1199 3345 p.

142 3347 630 3412 Gatnrtmioaeregaleaaadpende·
678 3345 1030 3396 macerabantur.
1063 3360 1069 3372 ·

102 3409 168 3462 bant
186 3411 219 3462 ad
233 3413 366 3464 humerum
376 3414 492 3462 dextrum
501 3419 558 3460 ante
569 3427 630 3476 pec·
711 3413 744 3460 Sa
754 3419 894 3461 sanaverat
926 3409 967 3458 Sic
985 3425 1000 3458 e
1017 3409 1197 3480 ¹coddetedd.

104 3485 156 3526 toa.
196 3477 239 3526 Sic
259 3479 286 3528 in
306 3479 425 3529 columna
451 3477 559 3540 Trajan
581 3477 629 3526 aia·
675 3484 730 3526 vet.
750 3473 1024 3540 emeamvicsmltger.
1052 3473 1200 3538 Vulgomo·

103 3549 203 3592 tantur.
676 3549 751 3590 verat.

141 3608 339 3672 OEtmeqrrito'bm
355 3608 450 3658 CCCC.
477 3606 628 3658 Guiachard.
709 3607 791 3656 Colles
811 3605 945 3668 complecti,
968 3604 1004 3654 ita
1023 3603 1142 3664 circuire,
1171 3613 1198 3655 ut

104 3671 224 3722 tantem.
243 3673 296 3722 mii.
315 3671 375 3720 Vol.
393 3675 418 3720 2.
436 3687 463 3734 p.
483 3676 539 3722 197.
549 3672 590 3721 ch.
602 3676 627 3721 8.
676 3668 847 3720 eaaentaimul
858 3669 938 3718 colles
947 3669 973 3719 in
985 3669 1120 3733 eospotio,
1128 3673 1198 3734 quod
1226 3669 1230 3678 '

105 3737 160 3814 legi
177 3737 286 3800 jubebat
302 3738 429 3807 Mcctjc.
444 3737 506 3800 quia
520 3752 581 3786 mox
594 3739 626 3786 de
675 3735 721 3785 ille
731 3744 850 3784 extensus
859 3733 987 3798 equitatus
997 3735 1147 3798 occupabat.
1160 3736 1198 3784 M.

102 3802 630 3930 :retransmittebat
676 3803 1198 3924 „ttdttttttttttttstt

104 3933 381 3996 imaparaadveaerat.
407 3930 628 3982 verumtamem.
675 3931 897 3994 ampliusdensua.
915 3931 953 3978 M.

102 3996 161 4046 crit.
174 4013 201 4061 p.
212 4001 269 4047 511.
279 3999 362 4047 ilrrnat
371 3997 509 4060 vulgatum,
528 4013 577 4046 non
588 3997 628 4046 in·
709 3998 753 4046 Ea
764 3996 890 4046 condentia
899 3999 995 4044 tarano.
1018 3993 1159 4044 Guiaohard
1169 3993 1196 4043 h.

103 4060 271 4127 telligendum
279 4061 480 4112 acitntsiaeiia
488 4061 627 4126 equitibus,
674 4061 695 4110 l.
719 4059 837 4123 intelligit
864 4067 943 4108 totam
970 4060 1053 4110 aciem
1081 4059 1195 4123 peditum

102 4143 171 4191 quoa
180 4143 268 4178 aarum
279 4127 457 4191 babuitpriua,
475 4143 551 4190 quam
568 4125 628 4176 reii-
673 4126 846 4190 equitumque.
886 4123 1004 4173 Memoir.
1028 4125 1084 4175 mil.
1110 4124 1142 4172 Τ.
1170 4129 1195 4172 2.

102 4191 627 4258 quoaooaatriaaroeaaiveratobhbieai
674 4207 702 4256 p.
713 4195 772 4241 20⁰.
1256 4195 1259 4202 “

101 4273 244 4310 acconam.
707 4257 805 4312 Pedites
825 4255 954 4308 amaa.
975 4254 1060 4306 forsan
1070 4256 1165 4320 pedites
1180 4269 1196 4306 ο

136 4325 283 4391 &fitteris
301 4323 356 4376 Cb.
382 4319 626 4374 NumeraorCLie-
917 4361 935 4396 ·.
1024 4387 1067 4437 Η
1129 4337 1144 4362 0
1240 4363 1245 4369 ,
