2909 4809
486 236 874 314 meana-50.
1064 257 1066 262 '
1166 241 1242 314 5051
1352 264 1359 278 ·

126 450 236 508 mam,
249 427 410 499 exercitus
421 428 491 522 ejus
503 429 607 521 magis
628 431 829 522 suspensiore
842 429 950 502 animo
968 442 1045 502 ante
1058 431 1239 502 adrentum·

73 585 88 594 ,
128 518 231 586 Jubre
244 519 528 587 commovebatur:
551 530 725 610 postquam
736 543 815 588 vero
829 531 935 588 castra
949 521 1061 588 cnemis
1079 521 1233 614 contulit,

127 603 290 694 despectis
312 606 382 696 ejus
395 607 508 762 copiis,
533 629 660 674 omnem
682 620 842 676 terrorem
859 607 1002 698 deponit.
1047 607 1113 686 Ita,
1137 631 1235 697 quam

127 705 226 760 antea
250 693 363 760 absens
384 693 426 759 ba
450 706 545 761 uerat
570 694 810 774 auctoritatem,
840 718 912 762 eam
943 717 1069 763 omnem
1120 717 1233 778 reeens

127 779 323 870 dimiserat.)
366 771 442 858 Quo
459 782 547 848 facto
569 781 672 850 cuivis
690 782 785 848 facile
803 782 869 848 fuit
888 782 1068 860 intellectu,
1134 783 1235 872 ipioni

128 865 282 934 additum
300 867 441 936 animum
462 868 685 958 fiduciamque
699 869 800 958 Regis
823 868 985 937 adventu:
1009 893 1084 938 nam
1102 881 1235 958 postero

128 953 187 1022 die
199 957 363 1022 universas
375 978 448 1022 suas
464 956 629 1048 Regisque
640 957 763 1059 copias,
785 980 860 1024 cum
874 955 1054 1060 elephantis
1068 956 1237 1044 sexaginta

126 1041 306 1132 productas
318 1045 352 1109 in
364 1043 477 1122 aciem,
492 1067 590 1132 quam
609 1071 625 1113 s
688 1043 837 1112 rorissime
852 1055 975 1145 potuit,
990 1038 1159 1112 instruxit:
1182 1067 1233 1121 ac,

128 1128 246 1218 paullo
261 1129 389 1220 longius
404 1153 595 1221 progressus
614 1157 635 1198 a
670 1132 736 1198 suia
750 1131 996 1209 munitionibus,
1009 1129 1097 1200 haud
1117 1130 1165 1198 ita
1176 1129 1235 1200 diu

129 1230 363 1294 commoratus,
376 1241 411 1284 se
425 1218 550 1307 recepit
563 1220 599 1286 iu
610 1231 730 1287 castra.

175 1301 230 1369 49.
256 1303 362 1371 Caesar
385 1317 558 1395 postquam
579 1305 819 1384 animadvertit,
842 1302 988 1395 Scipioni
1008 1303 1130 1370 auxilia
1152 1303 1234 1381 fere,

130 1413 206 1479 quae
219 1403 445 1480 exspectasset,
465 1393 572 1460 omnia
590 1393 786 1471 convenisse,
806 1415 913 1482 neque
931 1413 1055 1460 moram
1069 1388 1237 1481 pugnandi

130 1477 236 1546 ullam
249 1479 333 1556 fore,
346 1502 405 1581 per
416 1478 454 1570 ju
544 1505 705 1549 summum
715 1504 789 1550 cum
805 1480 906 1569 copiis
916 1476 1073 1569 progredi
1086 1480 1187 1567 coepit
1201 1491 1237 1546 et

130 1563 266 1638 brachia
279 1579 427 1655 protinus
449 1503 570 1636 didere
588 1581 624 1636 et
644 1569 780 1636 castella
792 1567 938 1646 munire,·
951 1591 1012 1656 pro
1037 1566 1151 1654 iusque
1167 1565 1239 1632 Sci-

132 1651 262 1741 pionem
284 1653 439 1743 capieudo
458 1653 530 1722 loca
552 1656 677 1723 excelsa
695 1679 867 1758 occupare,
889 1589 1064 1720 contendit.
1109 1653 1238 1719 Adver-

132 1739 222 1816 arii,
248 1739 472 1831 magnitudine
486 1743 655 1832 copiarum
671 1742 794 1820 confisr,
816 1741 1000 1830 proximum
1014 1738 1129 1806 collem
1143 1761 1237 1806 occu·

177 1839 297 1894 verunt
329 1851 351 1894 a
389 1851 431 1894 ue
462 1828 510 1894 ita
545 1831 578 1897 lo
622 1831 672 1896 'us
700 1831 771 1906 sibi,
788 1827 1016 1919 progrediendi
1043 1826 1238 1916 eripuerunt

184 1913 331 2002 ultatem.
403 1915 531 2004 jusdem
550 1855 644 1986 eddi
661 1916 841 2006 occupandi
859 1915 966 2004 grstia
985 1913 1147 1981 labienus
1161 1935 1239 1980 con-

131 1999 241 2067 silium
265 2013 397 2090 ceperat
421 2014 469 2078 et,
501 2027 569 2093 quo
600 2004 756 2093 propiore
780 2003 854 2070 loco
878 2001 1001 2078 iuerat,
1031 2023 1072 2066 eo
1100 1997 1238 2068 celerius

129 2101 333 2155 occurrerat.
489 2110 491 2121 ·

178 2173 232 2238 50.
257 2174 340 2240 Erat
358 2175 526 2253 convaliis,
543 2175 620 2244 satis
633 2199 751 2278 mam
764 2173 952 2250 latitudine,
968 2171 1140 2240 altitudine
1156 2193 1237 2260 prae-
1296 2185 1301 2196 ’

133 2271 248 2350 rupta,
273 2261 397 2328 'crebris
410 2261 488 2328 locis
507 2263 667 2353 speluncae
687 2286 722 2329 m
736 2263 866 2330 modum
880 2261 1037 2338 subrutis,
1053 2271 1238 2349 quaerant

134 2347 403 2437 transgredienda
431 2350 550 2416 Caesari
578 2363 666 2427 ante,
688 2373 790 2438 quam
817 2348 860 2416 ed
887 2372 961 2416 eum
985 2348 1113 2424 collem,
1140 2369 1239 2434 quem

135 2456 251 2522 capere
266 2434 410 2512 volebat,
425 2437 670 2524 pervenireturr
692 2437 845 2528 ultraque
861 2459 932 2504 earn
948 2434 1128 2502 convallem
1141 2433 1240 2500 olive-
1293 2425 1298 2444 ⁸

136 2531 209 2587 turn
223 2533 330 2599 vetus,
350 2523 476 2590 crebris
489 2524 662 2592 arboribus
675 2523 881 2592 condensum.
928 2521 994 2590 Hic
1007 2545 1109 2611 quum
1122 2519 1238 2586 labie-

135 2629 197 2674 nus
207 2606 496 2690 animadvertisset,
514 2612 685 2689 cesarem,
706 2612 735 2676 si
748 2611 849 2678 vellet
859 2633 933 2677 eum
948 2609 1055 2676 locum
1067 2630 1240 2696 occupare,

135 2694 228 2848 prius
249 2719 374 2764 necesse
394 2720 461 2763 esse
475 2698 656 2766 convallem
673 2698 898 2787 olivetumque
913 2693 1109 2784 transgredi,
1124 2716 1239 2760 eorum

149 2805 283 2850 ocorum
296 2783 422 2874 peritus
436 2785 470 2851 in
482 2783 604 2852 insidiis
618 2809 693 2852 sum
707 2797 802 2876 parte
816 2784 983 2873 equitatus
993 2781 1123 2869 levique
1133 2793 1238 2847 arma-

136 2879 214 2936 tura
226 2870 389 2937 consedit:
412 2882 447 2938 et
462 2885 620 2960 praterea
633 2885 708 2962 post
730 2884 874 2940 montem
887 2869 1050 2956 collesque
1064 2867 1190 2969 equites
1205 2865 1240 2934 iu

138 2957 270 3024 occulto
284 2957 522 3036 conlocauerat,
543 2970 594 3036 ut,
610 2983 711 3048 quum
727 2959 796 3050 ipse
811 2981 852 3025 ex
871 2958 909 3024 in'
929 2957 1035 3023 roviso
1049 2953 1239 3045 legionarios

137 3041 273 3112 adortus
292 3055 388 3122 esset,
408 3069 450 3112 ex
471 3046 554 3114 colle
573 3071 606 3114 se
619 3047 787 3144 equitatus
801 3057 869 3115 oste
913 3056 985 3112 eret
1000 3055 1045 3121 et,
1066 3065 1103 3110 re
1116 3039 1240 3132 duplici

144 3267 250 3318 Μ·
259 3273 340 3316 terrm
355 3271 379 3315 et
390 3267 536 3331 expectato
545 3281 597 3331 cop.
615 3267 666 3317 us·
712 3275 795 3332 potest
804 3266 951 3332 intelligere.
969 3267 1007 3317 M.
1030 3263 1145 3315 Patarim
1156 3262 1240 3327 scrip·

139 3335 264 3398 piarum
288 3336 461 3396 missores
482 3335 537 3394 oJ'nas
560 3347 664 3396 tarpea-
713 3341 769 3383 tum
779 3333 858 3382 luisse
868 3330 1091 3392 illi,undelibrarii
1102 3327 1238 3379 oscitantia

138 3399 435 3448 stoseoeasstoeraods.
460 3397 484 3447 1.
493 3398 665 3447 cossswveta-
710 3393 1239 3461 lactumibiettandemrepetitaultimalit·

140 3471 191 3518 aar.
207 3464 247 3512 Μ.
278 3461 321 3512 Sic
330 3469 357 3511 et
367 3461 491 3512 Jnrininr.
635 3455 647 3482 ‘
711 3473 765 3514 tera
777 3463 850 3514 vocis
861 3465 968 3528 praeced.
980 3465 1035 3514 sos
1064 3459 1131 3510 Aliis
1141 3459 1237 3520 placet,

178 3527 402 3591 &asason-liat.
426 3526 664 3578 0ad.ecodd.ad·
714 3543 852 3594 pronomen
866 3529 999 3580 relativum
1018 3542 1065 3592 pro
1082 3525 1237 3574 demonstra-

141 3593 208 3646 didit
216 3598 298 3658 cujas.
313 3591 534 3642 Atiisaaesrusc
713 3593 851 3660 tiroponi.
884 3593 942 3653 Qua
958 3594 990 3643 de
1004 3609 1031 3642 re
1050 3608 1074 3642 v.
1085 3589 1201 3640 Sanctius
1211 3593 1238 3638 et

177 3659 312 3724 Captesdo.
334 3658 451 3707 Fortasse
461 3657 596 3708 delendum
612 3657 664 3708 bo'c
714 3660 831 3710 Perizon.
854 3658 880 3710 in
900 3659 966 3710 Min.
984 3661 1237 3720 2,12.contraquos

141 3724 258 3775 verbum.
298 3723 362 3773 aaa.
389 3722 479 3772 Daris.
505 3724 666 3789 conjectabat
714 3733 809 3790 pugnat
818 3724 997 3776 ClarkeadG.
1015 3727 1037 3784 l,
1050 3726 1082 3772 20
1100 3728 1125 3770 et
1135 3721 1168 3770 ad
1179 3721 1206 3768 b
1217 3720 1237 3769 1.

141 3789 290 3856 prodiendo.
323 3787 593 3839 Jurininaaooedeado.
751 3793 851 3842 Gratia.
890 3791 945 3840 lloc
966 3789 1024 3840 tolli
1042 3786 1098 3838 rult
1112 3785 1238 3835 Chritus.

178 3853 353 3918 asum.
369 3851 430 3917 Leg.
439 3852 666 3918 summouenda.
717 3856 790 3906 Idem
800 3859 867 3906 collis
877 3870 944 3906 nunc
956 3863 1006 3918 est,
1015 3854 1084 3904 idern
1096 3851 1150 3926 ilie,
1159 3863 1236 3924 quem

143 3919 210 3970 Nam
231 3921 318 3969 hostes
337 3933 389 3968 non
412 3917 474 3978 sibi,
499 3919 546 3968 sed
571 3918 667 3970 Cesari
713 3921 803 3972 Caesar
819 3927 966 3988 occuparat,
1000 3929 1029 3970 ut
1050 3917 1167 3968 Clarkrus
1197 3931 1238 3966 vr-

141 3985 287 4038 lacnltatem
309 3981 484 4048 progrediendi
502 3982 664 4048 eripuerunt:
711 3985 759 4038 dit.
782 3987 821 4036 M.
1267 4017 1268 4024 .

144 4051 215 4116 atqui
227 4052 277 4100 hoc
288 4065 363 4100 sensu
381 4048 517 4098 dicendum
537 4049 625 4100 fuisset
634 4053 666 4111 α’,
748 4053 833 4104 Eram
848 4049 1065 4116 mprads'eado.
1089 4043 1142 4100 Alii
1153 4053 1241 4114 traus-v

142 4115 297 4234 aad&
309 4113 667 4231 ὧωηέἀπὲἷὲιῇνῗυῇιῗῑζ
713 4119 808 4238 Ἥ.
840 4116 898 4167 scil.
911 4117 1009 4236 “Iuppi-a
1032 4115 1101 4170 Maia
1126 4113 1239 4179 Scaliger

204 4215 212 4230 .
343 4196 359 4231 n
475 4197 618 4239 ‚uracu
711 4199 759 4239 erc
805 4198 1018 4251 rummare.

22 4250 23 4259 ’
142 4243 516 4317 ρποοοὼιιᾱί,ιίιοιορω,ςυὴ
524 4244 669 4318 loomim
