2909 4809
485 233 574 314 uis.
619 197 876 318 cius-12..
1078 293 1090 364 '.
1157 249 1222 319 sss

111 408 273 601 {Ssum'in
297 435 397 504 classe
416 436 539 505 venisse
552 459 611 504 nec
638 435 722 504 ullos
745 439 861 506 milites
882 438 915 504 in
932 435 1066 506 navibus
1086 437 1218 508 habere.
1272 486 1274 494 »

30 549 41 590 τ
149 549 192 591 ua
206 547 242 591 rs
254 537 432 681 comgrta,
452 548 601 614 magnam
615 524 676 592 sibi
684 525 875 592 facultatem
884 527 1051 594 fortunam
1063 528 1220 594 obtulisse

16 605 39 685 33.
113 607 199 679 ben's
220 635 320 702 geren

391 612 440 679 rei
463 611 682 679 crediderunt.
736 612 853 701 Itaque
876 637 971 680 naves
995 636 1114 696 omnes,
1138 638 1220 703 quas

100 697 248 790 ‘paratas
257 697 440 767 babuerunt
454 699 496 766 ad
509 698 738 788 navigandum,
748 700 1046 790 propugnatoribus
1061 701 1220 767 instruxe-

16 813 37 857 ἲ

112 796 207 862 runt,
231 786 415 889 Gnatique
435 784 586 852 redeunti
607 809 681 852 cum
695 787 792 852 classe
806 797 1034 854 occurrerunt:
1058 788 1116 875 qui
1139 789 1218 854 dua·

15 903 34 945 s
111 873 178 940 bus
191 873 231 938 dc
245 897 361 940 caussis
373 895 413 939 eo
425 873 478 939 die
491 872 644 948 dimicare
658 868 908 961 nolebat‚·quod
925 884 958 939 et
973 873 1077 940 nullos
1098 874 1217 940 milites

16 989 33 1062 7.
112 959 149 1025 in
163 959 299 1026 navibus
312 960 466 1037 babebat,
480 973 515 1026 et
528 969 604 1064 post
615 958 730 1026 horam
743 960 898 1062 decimam
909 960 1034 1062 dieirss
1057 1046 1064 1062 ·
1085 959 1214 1062 qbatur,

17 1079 32 1118 s
113 1059 313 1112 notantem
336 1047 489 1115 adlatura
512 1045 685 1114 videbatur
710 1069 866 1135 majorem
885 1045 1037 1127 fiduciam
1056 1047 1132 1125 ihs,
1156 1048 1215 1150 qui
1279 1059 1281 1068 ’

14 1167 29 1209 2
111 1133 263 1200 locorum
285 1133 401 1201 notitia
422 1131 644 1202 confidebant:
666 1132 728 1199 sibi
751 1135 849 1200 etism
868 1133 1019 1200 hortandi
1038 1157 1112 1200 suos
1126 1157 1216 1200 auxi-

15 1256 30 1295 ,;,
113 1219 199 1286 lium
211 1219 422 1296 defuturum
444 1220 532 1309 quod
545 1219 637 1286 nulla
650 1220 727 1287 satis
741 1219 856 1287 idonea
870 1233 952 1288 esset
965 1221 1119 1297 hortatio,
1142 1243 1215 1309 quae

14 1342 29 1385 ς
115 1328 224 1393 neque
238 1306 395 1373 virtutem
416 1319 524 1397 posset
545 1318 672 1384 notare,
696 1331 800 1396 neque
822 1308 982 1374 inertiam.
1028 1308 1155 1384 Quibus
1175 1307 1217 1374 ds

115 1391 235 1459 caussis
248 1416 355 1470 naves,
371 1417 452 1483 quas
467 1395 587 1483 potuit,
604 1395 710 1461 Casar
733 1395 776 1462 ad
800 1407 922 1462 terram
943 1393 1097 1484 detrahit,
1121 1417 1217 1484 quem

14 1514 25 1562 t
116 1481 151 1547 in
167 1479 276 1546 locum
287 1480 361 1548 illos
371 1504 571 1548 successuros
584 1503 648 1547 uon
662 1481 875 1548 existimabat.

168 1567 219 1631 11.
242 1567 326 1634 Erat
341 1590 406 1634 una
419 1567 508 1634 navis
524 1567 652 1635 Rhodia
665 1569 698 1635 in
711 1567 828 1634 dextro
844 1569 977 1635 Caesaris
992 1591 1105 1646 cornu,
1121 1567 1218 1656 longe

14 1729 16 1734 ,
116 1654 164 1721 ab
186 1653 319 1741 reliquis
341 1655 521 1722 conlocata.
568 1655 663 1722 Hanc
689 1657 866 1745 conspicati
892 1656 997 1722 hostes
1022 1677 1085 1720 non
1112 1667 1221 1720 tenue·

13 1780 22 1825 ς
119 1750 200 1806 runt
214 1764 293 1816 sese,
314 1764 498 1830 magnoque
511 1743 623 1832 inpetu
634 1755 782 1894 quatuor
803 1743 929 1809 adeam
944 1753 1114 1808 constratae
1126 1763 1222 1806 naves

12 1844 21 1912 g
118 1839 155 1893 et
178 1850 250 1894 com
272 1828 359 1894 lures
378 1841 500 1918 apertae
517 1841 635 1896 conten
658 1841 763 1896 erunt.
809 1831 873 1896 Cui
896 1840 1026 1896 coactus
1047 1839 1096 1894 est
1112 1827 1221 1893 Caesar

12 1957 18 1998 ς
121 1914 210 1981 ferre
222 1851 411 1993 sribsidium,
434 1939 476 1982 ue
490 1929 622 2018 turpem
643 1918 677 1982 in
703 1931 877 2006 conspectu
899 1915 1125 1982 contumeliam
1139 1915 1221 1978 acci-

123 2013 238 2091 peret;
262 2023 459 2090 quamquam
486 2027 513 2070 si
543 2003 623 2091 quid
650 2003 780 2091 gravius
806 2003 870 2069 illis
898 2003 1076 2079 accidisset,
1106 1999 1222 2066 merito

11 2132 18 2173 ς
122 2111 272 2154 casurum
282 2087 462 2177 judicabat.
494 2089 665 2156 ¹Proelium
678 2089 879 2155 commissum
894 2101 944 2152 est
958 2110 1074 2176 magna
1094 2099 1225 2152 conten·

123 2174 215 2241 tione
229 2174 447 2243 Rhodiorum:
472 2179 540 2266 qui,
556 2198 658 2263 quum
681 2175 714 2238 in
737 2176 884 2240 omnibus
903 2173 1165 2239 dimicationibus
1190 2183 1226 2239 et

11 2308 15 2347 Ξ
123 2261 257 2327 scientia
280 2275 315 2326 et
336 2264 460 2328 virtuts
486 2261 718 2347 pmtitiment,
742 2271 817 2348 turn
836 2259 972 2326 maxime
999 2259 1057 2326 iilo
1079 2271 1226 2348 tempore

10 2398 13 2436 ξ
124 2358 235 2416 totum
248 2369 329 2414 onus
347 2346 503 2411 sustinere
517 2367 581 2412 non
595 2346 798 2422 recusabant,
826 2346 968 2436 nequod
983 2369 1116 2412 suorum
1129 2346 1227 2435 culpa
1265 2343 1268 2352 ‘

11 2500 12 2505 ,
125 2434 358 2502 detrimentum
381 2443 552 2522 acceptum
571 2430 748 2499 videretur.
794 2431 847 2498 Ita
869 2433 1020 2522 proelium
1043 2432 1228 2500 secundissi-

127 2543 219 2588 mum
241 2529 290 2585 est
307 2520 440 2584 factum.
486 2519 594 2607 Capta
614 2529 663 2584 est
678 2542 743 2584 una
762 2518 899 2586 hostium
921 2518 1146 2609 quadriremis,
1173 2519 1229 2587 de-

130 2629 242 2697 pressa
262 2615 312 2671 est
335 2605 457 2672 altera:
485 2604 599 2672 deinde
624 2605 723 2693 (duas)
745 2606 894 2674 omnibus
915 2607 1055 2696 epibatis
1082 2606 1231 2672 nudatas:

129 2717 251 2784 magua
275 2704 433 2781 praterea
457 2690 636 2759 multitudo
662 2691 695 2757 iu
720 2692 854 2780 reliquis
883 2694 1019 2760 navibus
1069 2714 1232 2780 repugna-

132 2795 245 2848 torum
263 2791 313 2844 est
333 2779 514 2846 interfecta.
562 2779 660 2856 Quod
686 2778 747 2844 nisi
769 2801 833 2845 nox
860 2779 1012 2868 proelium
1039 2715 1230 2856 diremisset,

133 2877 207 2934 tota
235 2867 333 2934 classe
364 2865 507 2932 hostium
537 2865 644 2932 Caesar
666 2866 791 2955 potitus
812 2879 902 2932 esset.
950 2865 1023 2932 Hac
1051 2864 1234 2933 calamitate

132 2954 319 3045 perterritis
343 2952 500 3029 hostibus,
519 2952 656 3020 adverso
668 2964 767 3020 rento
780 2952 896 3020 leniter
917 2951 1026 3031 flante,
1045 2973 1142 3018 naves
1156 2975 1232 3020 one·

11 3072 13 3081 v
131 3040 238 3108 rarias
252 3042 361 3110 Cesar
374 3041 519 3107 remulco
536 3039 724 3108 victricibus
749 3041 812 3108 suis
837 3039 974 3109 navibus
1003 3038 1233 3108 Alexandriam

130 3127 312 3284 deqqcrtsso
332 3215 529 3285 detrimento
549 3215 631 3284 adeo
654 3228 731 3284 sunt
756 3215 851 3296 fracti
874 3161 1099 3291 Aiexandrini,
1129 3237 1233 3303 quum
1311 3221 1317 3231 ⁴

175 3421 334 3486 Quamque.
350 3415 389 3469 sic
403 3418 479 3468 codd.
495 3426 521 3467 et
537 3417 596 3466 edd.
615 3423 665 3467 ret.
715 3415 832 3466 Jurinius
849 3417 892 3465 dat
910 3415 1025 3480 &messa
1040 3415 1234 3478 maturanen-
1294 3431 1297 3437 ·

143 3485 228 3550 Vulgo
238 3501 298 3551 quc.
314 3482 622 3547 Juriniusmailetquum.
1091 3495 1093 3502 ·

92 3613 97 3619 ¹
138 3625 150 3670 l
181 3553 300 3617 mm.
326 3541 453 3601 iucundi
477 3548 563 3613 Vulgo
584 3551 666 3613 turpe·-
701 3482 1165 3606 'wbaeinueommmvulgommneu
1228 3575 1237 3592 .
1335 3559 1336 3566 ¹

151 3633 181 3667 er

181 3652 189 3667 .
712 3613 826 3663 nudata.
857 3607 1158 3666 Faciiccrschsvisio,
1211 3614 1216 3624 “

178 3683 214 3732 In
223 3689 361 3746 commu.
376 3681 459 3731 codd.
469 3685 562 3729 recent.
571 3677 668 3729 addunt
712 3677 772 3727 duae
793 3675 928 3741 legendum
948 3673 1232 3734 esse;sut‘1'urnebo,

142 3749 259 3798 tomam.
276 3749 374 3798 Gruter.
383 3744 470 3796 mallet
479 3748 600 3795 omniunt·
713 3741 773 3792 auc
784 3741 927 3806 prodenda
940 3737 1042 3804 legenti.
1074 3737 1235 3802 Dsepibatis

180 3813 245 3863 Iun.
261 3811 374 3862 Rhodiis
383 3811 441 3862 scii.
450 3807 666 3874 licctmciapra-
711 3806 766 3858 vid.
782 3807 837 3856 iud.
855 3807 893 3856 Μ.
1280 3841 1287 3856 ,

141 3879 226 3939 cedat,
238 3875 430 3944 persynthesin.
747 3867 1179 3933 nmmo-h.e.'cepusnsves,
1193 3883 1235 3918 rs·

180 3947 309 4009 Deprensa
335 3949 371 3992 eat
398 3944 489 3992 adem.
531 3937 591 3989 Post
611 3936 666 3986 hac
712 3937 800 3986 mulco
816 3933 1144 3998 (v.1nd.)religatss,esuis
1159 3933 1235 3984 navi·

143 4007 224 4060 rerba
238 4010 313 4060 codd.
325 4007 480 4058 recentiores
493 4005 597 4066 addunt,
607 4004 667 4053 aits·
711 4003 773 4062 bus,
783 4000 891 4052 deducit.
906 4003 946 4051 M.
970 3999 1083 4058 Quidam
1101 4000 1177 4052 codd.
1195 4015 1236 4050 re·

144 4091 228 4189 Ψ
243 4073 408 4142 mistus·
434 4071 589 4136 antiquiores
615 4081 668 4117 non
745 4071 750 4082 '
771 4067 874 4128 ·,viti0
884 4065 1053 4142 librariorum.

144 4141 181 4190 ad
198 4149 251 4191 unt.
282 4135 428 4189 Gronovius
437 4135 514 4198 (obs.
525 4140 550 4197 4,
569 4135 610 4196 19)
621 4149 668 4199 pro
774 4135 868 4184 usibus.
893 4131 995 4182 Addidit
1005 4129 1120 4179 Oudend.
1131 4143 1147 4178 s
1157 4129 1232 4178 codd.

142 4201 443 4273 murimundo
457 4201 596 4270 mmm
627 4199 688 4296 u.¹
713 4199 893 4317 fflmue‘
908 4195 1238 4251 ascomannorum.
1317 4269 1320 4274 A
