2909 4809
461 246 947 315 nrn.1v..onr..11-13.
1135 334 1138 344 ¹
1206 253 1251 321 85

150 428 325 495 suetudine
346 452 405 495 sua
427 432 469 497 ad
484 431 580 533 pedes
595 430 807 508 desiluerunt,
829 433 1043 522 subiectisque
1056 438 1147 526 equis
1164 423 1250 519 coari-

153 514 369 603 pluribusque
393 533 509 583 nostris
533 519 673 607 dejectis,
696 519 837 607 reliquos
862 520 896 584 in
918 519 1030 607 sugam
1044 526 1250 627 conjecerunt

149 614 261 689 atque
269 602 316 667 ita
336 604 529 693 perterritos.
546 619 695 693 egerunt,
718 618 757 671 nt
776 628 839 672 non
855 606 944 695 prius
954 608 1034 695 iuga
1047 610 1247 689 desasterent,

151 711 252 775 quam
266 688 299 754 in
313 704 521 779 conspectum
540 692 676 781 agminis
690 694 792 760 nostri
806 693 975 760 venissent.
1021 692 1112 764 ineo
1132 698 1250 787 proelio

150 798 193 839 ex
208 774 371 875 equitibus
394 778 508 844 nostris
528 778 766 847 interficiuntur
779 792 920 867 quatuor
934 793 969 845 et
982 784 1198 871 septuaginta,
1215 786 1250 851 in

150 860 203 963 his
216 884 268 925 vrr
282 862 480 940 fortissimus,
495 864 579 943 Piso,
595 866 792 953 Aquitanas,
807 866 998 955 amplissimo
1012 883 1249 955 generemus,

150 971 243 1036 cujus
255 972 334 1015 avus
343 950 377 1016 in
387 950 519 1019 civitate
530 976 728 1042 suaregnum
736 953 933 1030 obtinuerat,
944 953 1063 1019 amicus
1071 956 1114 1021 ab
1125 957 1249 1025 Senatu

151 1046 264 1100 nostro
278 1034 319 1109 ad
363 1037 469 1103 llatus.
517 1038 581 1104 Hic
606 1063 705 1127 quum
730 1040 828 1110 fratri
848 1040 1022 1109 intercluso
1043 1042 1088 1107 ab
1103 1041 1250 1110 hostibus

151 1121 310 1222 aurilium
319 1060 431 1201 libet,
443 1124 535 1191 illum
545 1150 586 1193 ex
597 1126 742 1216 periculo
751 1127 895 1217 eripuitr
904 1128 975 1218 ipso
984 1151 1069 1215 equo
1078 1126 1250 1197 vulnerato

150 1206 308 1296 dejectus,
359 1212 443 1277 uoad
513 1214 589 1290 tuit,
615 1214 786 1281 fortissime
807 1215 937 1281 restitit.
984 1215 1092 1291 Quum
1114 1216 1248 1282 circum·

151 1308 279 1372 ventus,
295 1234 404 1365 maiitis
417 1322 459 1365 vu
475 1301 603 1368 neribus
617 1303 768 1390 acceptis,
788 1301 960 1377 cecidisset,
973 1315 1073 1389 atque
1086 1303 1120 1369 id
1133 1304 1248 1381 frater,

150 1381 209 1469 qni
219 1383 288 1471 jam
299 1384 420 1535 proelio
430 1402 616 1465 excesserat,
628 1390 741 1477 procul
752 1390 894 1455 animum
903 1388 1106 1467 advertisset,
1114 1390 1250 1459 incitato

150 1492 236 1556 equo
250 1496 284 1535 se
321 1473 442 1539 ostibus
456 1474 577 1541 obtulit
590 1489 625 1542 at
649 1501 690 1543 ue
704 1476 891 1550 interfectus
904 1488 963 1542 est.
1028 1517 1033 1524 ·

195 1558 248 1621 13.
276 1556 349 1623 Hoc
363 1560 449 1627 facto
487 1562 593 1640 roalio,
645 1586 723 1629 cesar
735 1587 839 1652 neque
860 1563 926 1651 jam
940 1562 1002 1629 sibi
1016 1564 1142 1652 legatos
1157 1562 1248 1629 audi·

142 1643 260 1719 ¹andos,
276 1668 381 1733 neque
396 1671 455 1714 con
481 1649 592 1717 'tiones
606 1651 803 1739 accipiendas
817 1650 1042 1717 arbitrabatur
1055 1650 1099 1715 ab
1114 1648 1174 1723 his,
1189 1648 1251 1799 qqqi

150 1753 210 1817 per
230 1730 343 1799 dolum
362 1746 462 1822 atque
485 1736 623 1813 insidias,
635 1806 638 1813 ,
643 1738 748 1825 petita
767 1762 858 1827 pace,
881 1738 973 1804 ultro
986 1736 1110 1802 bellurn
1124 1735 1196 1801 intu
1212 1735 1218 1749 '

149 1830 238 1881 sent:
263 1834 447 1908 exspectare
463 1846 553 1899 vero,
577 1825 655 1890 dum
669 1822 811 1892 bostium
825 1825 926 1926 copiae
946 1832 1146 1912 augerentur
1159 1821 1251 1909 equi·

149 1916 304 1993 tatusque
331 1921 560 1987 reverteretur,
584 1934 715 1977 snmmae
736 1911 904 1977 dementrae
925 1932 991 1975 esse
1014 1907 1250 1998 judicabant,

133 2066 137 2075 ¹
149 1992 280 2078 cognita
296 1993 466 2061 Gallorum
489 1996 688 2073 infirmitate,
711 2012 871 2086 quantum
890 1996 957 2084 jam
974 1995 1062 2094 apud
1075 2017 1130 2060 eos
1143 1992 1251 2060 hostes

140 2100 214 2151 ⁴uno
240 2079 357 2165 proelio
379 2084 581 2152 auctoritatis
603 2096 707 2152 essent
728 2083 904 2159 consecuti,
929 2082 1106 2147 sentiebat:
1130 2079 1252 2180 quibus

147 2162 332 2231 adconsilia
343 2170 496 2257 capienda
506 2170 586 2237 nibil
597 2172 693 2260 spatii
701 2170 843 2236 dandum
851 2168 1066 2235 existimabat.
1102 2164 1250 2233 Hrscon·

147 2251 271 2317 stitutis
291 2253 388 2318 rebus
402 2268 436 2319 et
450 2257 582 2321 oonsilio
602 2280 676 2321 cuna
695 2256 826 2345 legatia
840 2269 873 2322 et
889 2255 1060 2331 Quaestore
1074 2256 1251 2336 communi-

147 2350 234 2414 cato,
257 2361 298 2403 ne
319 2362 416 2426 quem
438 2338 523 2405 diem
538 2364 656 2429 pugnae
677 2343 955 2441 praetermitteret,
975 2340 1251 2427 opportunissima

147 2448 199 2491 res
218 2424 348 2501 accidit,
375 2426 465 2514 quod
488 2428 641 2513 postridie
656 2451 725 2514 equs
739 2426 803 2491 diei
823 2424 1038 2491 maneeadem
1061 2437 1095 2489 et
1115 2426 1251 2513 perfidia

147 2524 183 2575 et
197 2510 401 2579 simulatione
417 2514 466 2578 usi
483 2514 649 2589 Germani,
670 2515 868 2601 frequentas,
886 2511 1035 2577 omnibus
1049 2512 1252 2601 principibus

148 2597 289 2686 majorib
350 2622 390 2663 ue
419 2612 498 2665 natu
522 2599 685 2677 adhibitis,
712 2600 754 2664 ad
780 2622 854 2665 eum
882 2599 916 2664 in
940 2610 1045 2663 castra
1073 2612 1250 2674 venerunt;

147 2684 256 2761 simul,
273 2622 506 2763 disdicebstur,
522 2691 571 2753 sui
586 2686 748 2777 purgandi
761 2708 882 2760 caussa,
897 2682 987 2785 quod
1001 2695 1127 2759 contra,
1148 2698 1250 2773 atque

147 2795 214 2849 esse
229 2772 409 2839 dictumst
434 2774 493 2861 ipsi
517 2773 681 2862 petissent,
705 2772 858 2875 proelium
897 2770 978 2837 ridie
998 2770 1248 2849 commisissem

148 2859 245 2924 simul
270 2872 320 2935 ut,
346 2860 372 2926 si
396 2860 476 2947 quid
491 2874 640 2949 possent„
653 2861 693 2926 de
714 2858 850 2926 mduciis
904 2856 1013 2925 llendo
1034 2858 1248 2947 inpetrarent.

149 2944 240 3023 Quos
262 2945 324 3012 sibi
352 2946 460 3024 Goesar
482 2948 609 3015 oblatos
630 2948 770 3037 gavisus,
793 2946 866 3013 illos
890 2945 1021 3013 retineri
1040 2943 1157 3034 jussit;
1177 2948 1248 3035 ipse

181 3162 301 3227 Subscrsa'r
310 3166 392 3230 aqam
409 3176 460 3212 non
478 3161 538 3223 suis,
560 3164 603 3213 sed
620 3164 673 3213 Ro·
721 3162 904 3215 Gennauornm
913 3163 1030 3223 nanavit,
1045 3164 1247 3231 tuate-<tauta
1312 3204 1315 3212 ,
1352 3196 1356 3203 ι

143 3243 285 3291 manorum.
722 3229 827 3298 lqmrqa'aa
845 3230 998 3305 yiyqsqrr-
1008 3228 1051 3278 aad
1067 3228 1147 3287 addit,
1164 3228 1248 3279 Canu·

182 3294 215 3343 Ia
234 3303 396 3360 cosmatum.
429 3293 508 3342 Codd.
526 3292 627 3356 quidam
644 3295 673 3343 ira
721 3294 787 3343 sium
805 3295 946 3355 tradidisse,
964 3294 1010 3343 hss
1025 3309 1064 3341 res
1074 3290 1164 3342 Catoni
1178 3294 1245 3344 adso

143 3368 280 3423 compecto.
295 3361 363 3424 qnod
375 3360 458 3423 placet
467 3357 579 3407 Clarlric¹
719 3358 798 3408 irrisae
815 3357 969 3423 inprobatus,
984 3367 1014 3406 ut
1023 3356 1156 3418 Cutem,
1173 3372 1245 3409 reum

181 3426 498 3489 Quarumeraepraaqtnm
531 3421 628 3485 Celsus,
643 3438 670 3489 p.
721 3423 940 3491 araqmnia'pam,
962 3423 1079 3473 hostibus
1102 3424 1244 3473 dedendum

144 3491 187 3539 76.
203 3486 373 3539 CCCCLXX.
719 3498 841 3538 censeret.
867 3487 1167 3538 ct.Seeton.Jut.c.aa.
1184 3490 1244 3539 Hoc

180 3556 222 3603 aa
226 3558 346 3619 periculo.
361 3552 575 3605 SoletsicCresar.
587 3552 670 3619 Vulgo
721 3552 897 3622 ‹agmini-qu
904 3554 929 3601 in
936 3570 969 3603 eo
975 3554 1073 3602 videtur
1080 3551 1244 3615 fuisse,quod

142 3618 268 3669 omittitur
278 3621 431 3685 praepositio.
719 3619 822 3681 interea,
831 3621 891 3668 dom
901 3617 977 3683 legati
986 3619 1054 3682 apud
1064 3632 1121 3665 eum
1133 3617 1243 3675 fuerunt,

179 3686 339 3747 infimitate,
347 3684 497 3735 mobilitate.
515 3682 554 3733 Cf.
566 3701 589 3733 c.
597 3690 620 3736 ⁵.
632 3684 670 3733 M·
719 3684 997 3746 bostesadgressusest:
1014 3680 1242 3747 prasertimsissio

179 3751 254 3813 apua
268 3766 307 3801 eor
327 3750 436 3813 (Gallos)
452 3752 528 3800 bottas
542 3748 670 3811 (Caesaris,
718 3748 822 3799 Cassius
844 3752 884 3809 39,
903 3751 945 3807 47,
966 3752 1007 3797 48.
1026 3744 1179 3805 conferatur,
1196 3745 1241 3811 qni

141 3814 348 3877 tecennani).
366 3816 403 3865 Μ.
718 3815 848 3879 proeliurn,
870 3831 893 3863 c.
916 3817 954 3861 12.
980 3811 1142 3874 descriptum,
1166 3818 1241 3874 petu-

177 3882 386 3932 Praetcmitteret.
403 3880 448 3930 alii
459 3882 634 3932 mmmm.
717 3875 1241 3944 lentimjuniorumtribuit,quamseniores

179 3946 292 3997 coum.
325 3946 391 3997 Satis
398 3954 467 3995 certa
477 3955 515 3994 est
526 3945 578 3993 bare
590 3942 667 3994 lectio
717 3960 796 4008 usque
815 3959 846 3992 eo
864 3940 1028 4007 inprobarint,
1043 3950 1072 3989 ut
1088 3938 1239 4004 leg-ationem

141 4018 245 4077 propter
256 4014 381 4077 metaphr.
391 4012 433 4061 Gr.
444 4010 526 4073 inqua
535 4019 573 4059 est
583 4009 666 4069 lassis,
715 4011 749 4058 ad
761 4008 884 4058 Caesarem
903 4006 1054 4071 deprecandi
1069 4020 1145 4055 eausa
1159 4007 1240 4056 mi.

141 4078 275 4137 etsa,quod
286 4076 584 4135 mimmest,omneslere
593 4073 665 4123 MSS.
716 4083 812 4138 pereat.
846 4074 900 4121 llos
914 4071 1117 4136 igiturseniores,
1134 4070 1239 4135 legatos,
1343 4102 1349 4112 ι

127 4139 243 4208 'manius
252 4142 383 4193 exhibent.
399 4144 438 4191 Μ.
716 4141 898 4203 deprecatores,
914 4136 1020 4187 retinuit
1034 4146 1061 4185 et
1071 4136 1165 4185 interea
1175 4135 1240 4185 vicit
1281 4174 1285 4183 .

175 4210 283 4261 detineri
296 4212 378 4271 jussit.
411 4206 538 4257 Plutarch.
557 4204 581 4253 in
600 4202 664 4253 Cas.
713 4221 769 4264 eos,
780 4220 828 4268 pro
837 4202 931 4270 quibus
940 4201 1100 4269 deprecaturi
1110 4207 1237 4251 venerant.

140 4290 165 4323 c.
186 4280 226 4324 99.
243 4274 335 4336 repetit
353 4272 456 4337 quidem
477 4288 508 4321 ex
525 4272 575 4321 boc
595 4270 664 4329 loco,
714 4270 837 4329 Quaedam
857 4271 949 4327 borum
968 4270 1086 4324 Brennus
1103 4268 1157 4341 jan
1170 4263 1238 4321 adti-

138 4354 195 4404 qua
217 4340 302 4391 esua
321 4354 345 4389 c.
363 4342 391 4389 la
411 4347 437 4389 et
457 4341 487 4392 lt
507 4338 539 4387 de
557 4334 680 4405 partos,
709 4338 844 4409 geratis.
