2909 4809
208 214 289 299 -ss'
518 232 755 307 ocaeano
771 233 996 348 plumeo.

215 438 357 515 auoque
371 424 619 505 latereinstarm
642 438 676 493 et
694 448 764 493 rem
782 450 848 492 esse
872 427 904 491 in
923 420 1170 514 angustovidit,
1197 442 1308 507 neque

215 512 322 579 ullum
335 539 399 581 esse
413 515 600 591 subsidium,
622 514 711 601 quod
735 513 881 579 submitti
897 523 1019 601 posset:
1042 521 1134 577 scuto
1147 507 1191 575 ab
1203 508 1311 573 noris-

199 600 300 683 ¹simis
313 602 367 667 uni
381 600 474 667 militi
487 602 646 678 detracto,
667 601 757 689 quod
772 601 839 689 ipse
855 625 895 667 eo
913 601 980 665 sine
999 610 1092 664 scuto
1106 607 1250 669 venerat,
1273 596 1324 659 in·

210 688 353 775 primam
374 688 473 767 aciem
492 688 657 777 processit.
703 686 1020 772 centurionibusque
1043 684 1228 750 nominatim
1248 679 1309 745 ad-

241 772 354 849 ellatis,
366 774 506 861 reliquos
518 774 703 841 cohortatus
713 774 840 849 milites,
852 774 942 860 signa
954 772 1073 837 inferre
1084 784 1119 836 et
1129 766 1313 855 manipulos

209 795 323 925 lloxare
338 862 437 935 ussit,
477 885 518 925 uo
534 861 658 925 facilius
671 859 786 948 gladiis
801 861 849 924 uti
864 871 1001 947 possent.
1047 858 1151 944 Cujus
1162 855 1309 921 adventu

212 970 271 1035 spe
298 883 398 1011 inlata
422 884 577 1009 militibus
604 969 640 1009 ac
667 946 888 1032 redintegrato
916 946 1034 1020 animo,
1060 967 1163 1031 quum
1188 966 1250 1042 pro
1274 964 1311 1012 te

212 1032 360 1119 quisque,
389 1030 422 1095 in
452 1042 626 1117 conspectu
653 1029 862 1116 Imperatoris
888 1030 985 1095 etiam
1013 1032 1046 1095 in
1070 1042 1221 1093 extremrs
1243 1026 1312 1092 suis

213 1117 323 1195 rebus,
352 1137 484 1203 operam
507 1136 624 1179 navare
649 1126 819 1201 cuperent,
848 1114 994 1199 paullum
1018 1114 1157 1181 hostium
1183 1115 1313 1203 inpetas

212 1202 359 1267 tardatus
384 1212 442 1265 est.
1059 1232 1065 1239 ·

257 1290 311 1354 26.
335 1288 577 1374 Gaesar‚.qnum
602 1310 633 1351 se
659 1285 769 1352 timam
797 1286 965 1387 legionem,
1012 1308 1060 1350 uae
1079 1285 1173 1373 juxta
1193 1285 1311 1351 consti·

214 1388 312 1451 terat‚
342 1375 419 1439 item
448 1375 581 1524 urgperi
616 1308 659 1437 ab
688 1372 779 1439 hoste
797 1373 950 1448 uidisset,
979 1308 1140 1437 fribunos
1168 1372 1310 1438 militnm

214 1462 352 1535 monuit,
371 1472 408 1525 ut
429 1482 494 1548 pau
520 1461 596 1525 atim
622 1482 687 1525 sese
712 1459 853 1546 legiones
865 1460 1097 1547 conjungerent
1109 1470 1144 1523 et
1156 1480 1312 1525 conversa

213 1548 237 1611 si
263 1570 304 1613 na
330 1548 362 1612 in
387 1546 492 1611 hostes
514 1546 680 1611 inferrent.
727 1547 802 1620 Quo
824 1546 923 1621 facto,
945 1568 1047 1633 quum
1064 1545 1146 1611 alius
1164 1544 1310 1611 aliisub-

213 1571 329 1699 sidium
351 1634 485 1709 ferrent,
512 1656 615 1720 neque
638 1634 799 1708 timerent,
826 1656 866 1696 ne
887 1633 989 1698 aversi
1011 1632 1054 1697 ab
1068 1631 1159 1697 hoste
1172 1632 1309 1698 circum·

211 1721 414 1796 venirentur,
436 1720 588 1785 audacius
611 1722 756 1785 resistere
776 1743 814 1784 ac
835 1720 951 1785 fortius
966 1740 1112 1807 pugnare
1125 1731 1309 1805 coeperunt.

215 1806 350 1873 Interim
370 1806 485 1873 milites
507 1806 669 1895 legionum
682 1805 833 1881 duarum,
855 1830 928 1893 quae
950 1806 983 1869 in
996 1805 1164 1872 novissimo
1182 1806 1311 1904 agmine

213 1894 361 1993 praesidio
372 1894 592 1981 inpedimentis
602 1893 742 1968 fuerant,
756 1892 872 1980 proelio
880 1892 1044 1965 nunciato,
1053 1916 1150 1957 cursu
1162 1894 1309 1968 incitato,

212 2004 245 2045 1n
260 2004 382 2047 summo
394 1980 476 2046 colle
488 1980 531 2045 ab
543 1979 687 2045 hostibus
698 1980 987 2069 conspiciebantur.
1027 1978 1072 2042 Et
1086 1978 1125 2043 T.
1137 1978 1311 2055 labienus,

213 2068 324 2132 castris
338 2066 477 2133 hostium
492 2065 616 2154 potitus
628 2080 662 2131 et
675 2090 715 2130 ex
726 2066 798 2131 loco
810 2066 988 2154 superiore,
1003 2088 1076 2152 quae
1088 2088 1139 2129 res
1150 2066 1184 2129 in
1194 2065 1313 2133 nostris

214 2154 325 2217 castris
345 2165 548 2240 gererentur,
576 2152 788 2241 conspicatus,
810 2152 964 2217 decimam
987 2151 1143 2238 legionem
1166 2150 1312 2217 subsidio

213 2239 330 2304 nostris
350 2240 445 2303 misit.
492 2238 557 2325 Qui
575 2261 676 2324 quum
696 2262 736 2302 ex
749 2238 897 2324 equitum
915 2251 951 2301 et
964 2237 1112 2302 calonum
1130 2238 1167 2302 fu
1211 2284 1221 2312 ‚
1242 2262 1311 2324 quo

214 2326 248 2389 in
263 2323 335 2390 loco
350 2348 400 2389 res
413 2336 508 2399 esset,
529 2337 715 2410 quantoque
741 2325 773 2389 in
796 2323 941 2412 periculo
956 2336 990 2387 et
1005 2335 1108 2388 castra
1121 2336 1156 2387 et
1181 2325 1312 2411 egiones

184 2496 187 2501 Δ
214 2423 249 2475 et
271 2409 453 2562 Imperator
468 2422 663 2486 versaretur,
690 2413 922 2499 cognoviment,
946 2409 1025 2507 nihil
1047 2409 1089 2475 ad
1113 2409 1312 2477 celeritatem

215 2497 274 2563 sibi
291 2498 350 2562 rei
375 2498 408 2561 ui
421 2496 580 2561 fecerunt.

155 2618 157 2627 =
259 2584 313 2649 27.
340 2520 467 2651 liorum
482 2583 625 2660 adventu
640 2593 730 2651 tanta
744 2607 854 2649 rerum
868 2585 1077 2650 commutatio
1091 2584 1177 2650 facta
1189 2597 1249 2659 est,
1273 2596 1313 2658 ut

217 2672 330 2747 nostri,
345 2672 440 2736 etiam
455 2670 512 2758 qui
527 2669 714 2735 vulneribus
730 2670 869 2736 confecti
909 2670 1141 2746 rocubuissent,
1154 2671 1252 2735 scutis
1267 2672 1312 2737 in·

217 2752 295 2831 irini,
312 2756 462 2857 proelium
475 2756 734 2843 redintegrarent
742 2780 757 2831 3.
774 2769 845 2821 tum
859 2695 994 2831 cilones,
1008 2762 1198 2843 perterritos
1207 2756 1314 2823 hostes

218 2842 405 2929 conspicati,
429 2843 525 2907 etiam
548 2844 682 2907 inenues
695 2843 824 2909 armatis
838 2857 1061 2917 occurrerent;
1083 2845 1208 2930 equites
1221 2866 1311 2920 vero,

218 2938 258 2991 ut
288 2928 525 3017 turpitudinem
555 2928 641 3015 fugae
669 2930 791 2993 virtute
818 2930 974 3004 delerent,
1004 2929 1151 2995 omnibus
1177 2929 1209 2994 in
1236 2929 1316 2997 locis'

219 3037 338 3115 pugnae
361 3038 393 3078 se
414 3012 594 3101 legionariis
608 3013 764 3080 militibus
779 3016 977 3103 praeferrent.
1024 3018 1071 3080 At
1085 3014 1201 3090 hostes,
1214 3017 1312 3083 etiam

217 3125 251 3166 rn
278 3112 421 3165 extrema
445 3122 502 3188 spe
525 3100 647 3175 salutis,
674 3112 796 3165 tantam
823 3103 978 3166 virtutem
1004 3103 1233 3189 prestiterunt,
1262 3116 1312 3179 ut,

183 3244 186 3260 ,
218 3211 321 3275 quum
335 3187 432 3275 primi
445 3210 557 3252 eorum
571 3186 768 3263 cecidissent,
793 3188 930 3276 proximi
946 3189 1121 3253 'acentibus
1135 3189 1314 3255 insisterent

217 3286 317 3361 atque
332 3297 372 3339 ex
386 3297 498 3339 eorum
512 3273 701 3361 corporibus
716 3287 916 3363 pugnarent3
937 3211 1126 3364 hisdejectis
1139 3287 1175 3339 et
1187 3298 1312 3343 coacer-

258 3476 305 3523 Um'
317 3477 399 3523 critiri.
408 3472 550 3535 superatum
559 3480 643 3521 narrat
652 3472 741 3522 Florus
825 3476 1044 3526 rammasses.
1077 3476 1311 3541 Praepositiodeest

220 3546 245 3597 3,
261 3540 298 3588 10.
315 3541 405 3595 lemtim
422 3538 583 3590 dimicantem
593 3552 742 3600 anonymus.
792 3540 818 3589 in
830 3542 904 3589 codd.
915 3541 1043 3605 plerisque
1052 3553 1077 3593 et
1087 3544 1146 3591 edd.
1157 3553 1208 3592 vet.

220 3604 262 3653 Sic
284 3611 311 3653 et
330 3602 386 3651 Val.
403 3602 474 3650 Max.
491 3606 515 3661 8,
533 3607 557 3659 2,
577 3604 613 3650 19.
630 3604 742 3652 timidius
825 3607 896 3653 Alias
906 3606 1063 3669 differrent.
1100 3610 1312 3671 Vulgoalr'a'solis‘.

216 3676 384 3736 pupnantem.
792 3668 852 3716 item
869 3672 936 3718 ultus
951 3674 996 3719 atsi
1004 3673 1091 3734 ferret.
1113 3670 1139 3721 in
1156 3673 1259 3735 vulgato
1274 3680 1312 3722 est

257 3734 367 3793 amare,
389 3731 425 3781 sic
447 3745 491 3793 per
507 3728 637 3779 intervalla
654 3730 742 3780 conlo·
791 3733 910 3796 syllepsis
921 3749 971 3785 non
984 3735 1090 3786 insueta.

219 3794 609 3856 care,nenimisconfertistent:
627 3794 662 3843 ita
673 3796 742 3844 enim
826 3801 955 3848 Decorum
975 3803 1101 3860 asanaa.
1135 3802 1203 3851 Plut.
1223 3816 1249 3851 c.
1271 3805 1311 3851 2⁰.

219 3859 741 3924 steterant,utpaullountedictumest.M.
791 3863 960 3912 ‹luodecimum
970 3864 1054 3914 babet.
1302 3915 1305 3923 ,

255 3930 332 3989 Cujus
343 3928 460 3975 adema.
495 3924 535 3974 Sic
549 3925 622 3973 codd.
657 3924 741 3988 Vulgo
825 3928 1096 3992 Puynoeael.m.mf.
1124 3931 1311 3995 Vulgolegitur

221 3990 305 4052 buires.
790 3995 1158 4058 munerantupupnuboat,
1219 3998 1310 4046 seem.

255 4055 399 4117 Spefnloto.
431 4054 519 4104 Wssse
533 4056 565 4103 ud
577 4053 678 4102 Sallust.
689 4069 741 4103 rna·
789 4072 830 4117 pr.
863 4056 1013 4107 Emendavit
1023 4060 1106 4107 locum
1116 4060 1157 4108 Ou
1178 4076 1227 4108 ,οι
1236 4062 1311 4109 codd.

220 4120 381 4175 rubianum,
398 4122 441 4166 sed
456 4120 521 4167 idcnr
534 4127 616 4167 noster
629 4118 705 4167 habet
715 4124 741 4178 6,
791 4129 816 4168 et
827 4121 868 4167 ed.
880 4122 912 4168 R.
923 4120 1053 4186 Stephani.

221 4188 263 4237 43.
292 4180 332 4230 Sic
344 4190 368 4230 et
380 4182 409 4229 C.
422 4190 445 4242 3,
457 4188 497 4234 38.
512 4185 741 4245 imatosccpr'cioae.
779 4180 783 4196 '
826 4186 1083 4251 Inertremaspesal.
1111 4188 1186 4253 Spem
1197 4188 1309 4251 beicpro

135 4286 137 4291 .
254 4248 465 4311 Prossqua'aqsei
476 4264 510 4295 .e.
518 4256 741 4310 quantumposset,
791 4250 965 4314 desperatione
977 4252 1039 4315 poni
1052 4270 1183 4317 perperam
1194 4252 1310 4319 perbibet

221 4312 426 4384 proviriliperte.
440 4312 741 4375 Nonsemoperscuuale.
792 4314 909 4387 schottus
918 4317 981 4369 Obs.
993 4316 1063 4383 poet.
1074 4325 1098 4376 r,
1110 4322 1151 4368 ³6.
