2909 4809
253 179 320 316 szo
597 239 661 311 nr
684 233 834 349 serto
858 231 1014 312 urum.
1100 233 1110 296 z

256 429 392 500 Cetaria
405 441 628 520 exspectatur:
652 431 777 498 nullum
790 455 830 498 ex
843 453 949 508 muro,
964 429 1090 496 nullum
1102 452 1121 494 a
1135 427 1252 494 uostris
1274 427 1344 494 mit·

256 518 341 584 titur
366 518 488 594 telum;
511 531 549 582 ut
576 541 611 584 re
635 519 794 596 confecta,
821 541 928 584 omnes
955 541 1073 592 curans⁴
1087 529 1121 580 et
1145 515 1343 603 diligentiam

257 604 438 671 remittunt.
483 604 591 670 cesar
617 605 703 670 enirn
729 629 790 694 per
814 605 938 670 litteras
963 603 1127 670 Trebonio
1149 623 1345 690 magnopere

256 691 475 768 maridaverat,
488 714 528 757 ne
538 715 603 793 per
628 692 694 757 nim
717 690 877 783 oppidum
900 689 1077 780 expugnari
1097 701 1282 778 pateretur;
1307 711 1344 754 ne

256 777 386 866 gravius
406 789 547 879 permoti
571 777 689 844 milites
715 792 750 843 et
769 777 956 846 defentionis
979 777 1051 843 odio
1074 789 1107 840 et
1129 775 1344 842 contemtione

163 920 168 926 a
229 914 232 920 .
255 863 306 928 sui
324 875 358 930 et
381 864 507 930 diutino
528 864 638 931 labore
658 887 765 930 omues
788 865 925 955 puberes
944 863 1178 930 interficerent:
1202 862 1291 948 quod
1312 885 1344 926 se

256 948 399 1016 facturos
412 951 636 1026 minabantur3
659 975 807 1041 aegreque
829 965 906 1017 tuno
918 963 991 1018 sunt
1007 951 1134 1025 retenti,
1156 948 1235 1037 quin
1251 949 1344 1038 oppi-

254 1035 332 1102 dum
367 1036 473 1103 inrum
517 1050 602 1113 rent,
638 1039 847 1130 graviterque
881 1061 950 1104 earn
977 1060 1046 1104 rern
1075 1036 1235 1110 tulerunt,
1257 1035 1344 1122 quod

254 1124 380 1275 ἰῑξῑὶωε
403 1147 460 1212 per
475 1061 688 1201 prerebonium,
704 1149 772 1214 quo
786 1125 889 1192 minus
907 1123 1027 1218 oppido
1043 1124 1240 1212 potirentur,
1257 1122 1344 1189 vide·

299 1221 365 1276 tur.

303 1296 352 1360 14.
377 1296 424 1360 At
434 1293 539 1361 hostes
552 1297 619 1366 sine
634 1296 697 1363 fide
712 1309 839 1388 tempus
849 1309 947 1384 atque
960 1297 1155 1363 occasionem
1170 1294 1296 1361 fraudis
1308 1319 1344 1363 no

253 1379 322 1448 doli
336 1395 501 1472 quaerunt;
525 1383 766 1473 interjectisque
781 1385 906 1474 aliquot
920 1384 1042 1459 diebrrs,
1062 1383 1177 1454 nostris
1191 1383 1345 1471 languen-

254 1468 343 1534 tibus
356 1481 454 1557 atque
468 1470 573 1535 animo
587 1471 733 1547 remissis,
746 1471 864 1547 subito,
883 1469 1058 1547 meridiano
1071 1483 1229 1572 tempore,
1243 1491 1345 1556 quum

247 1554 336 1621 'alius
355 1553 555 1634 discessisset,
581 1557 663 1623 alius
688 1581 729 1622 ex
754 1557 878 1622 diutino
898 1557 1008 1622 labore
1033 1557 1064 1620 in
1094 1559 1170 1646 ipsrs
1191 1556 1345 1645 operibus

173 1681 176 1691 ·
252 1642 357 1729 quieti
384 1667 418 1709 se
443 1642 592 1719 dedisset,
619 1667 709 1710 arma
735 1667 811 1710 vero
836 1644 940 1710 omnia
967 1641 1108 1732 reposila
1131 1657 1346 1730 contectaque

252 1740 368 1806 essent,
396 1731 498 1819 portis
517 1755 551 1796 se
573 1731 658 1796 foras
677 1753 768 1796 erum
794 1743 864 1806 unt,
888 1729 1027 1796 meando
1048 1751 1228 1818 magnoque
1248 1745 1344 1796 vento

253 1813 360 1902 ignem
376 1815 530 1906 operibus
543 1818 698 1884 inferunt.
745 1755 842 1882 illinc
863 1818 907 1882 sio
929 1816 1055 1882 distulit
1067 1832 1193 1892 ventus,
1215 1818 1264 1882 uti
1280 1839 1344 1882 uno

149 1925 153 1938 ·
252 1913 401 1991 ternpore
425 1925 539 1993 agger,
558 1905 680 2007 plutei,
705 1904 844 1980 testudo,
868 1903 979 1984 turris,
1001 1915 1159 1970 tormenta
1185 1903 1344 1970 flammam

251 1991 458 2079 oonoiperent
471 2003 504 2054 et
541 2015 606 2057 rius
617 1990 684 2058 baec
697 1991 803 2057 omnia
816 2002 1099 2065 consumerentur,
1133 2013 1217 2067 uam,
1234 2005 1342 2078 quem·

251 2073 428 2142 admodum
442 2015 617 2154 accidisset,
632 2078 774 2170 animum
788 2077 915 2144 adverti
929 2089 1044 2165 posset.
1126 2077 1217 2154 ostri,
1229 2100 1343 2180 repen·

250 2161 321 2226 tina
333 2162 465 2228 fortuna
480 2167 632 2252 permoti,
646 2188 746 2240 arma,
761 2189 833 2252 quae
848 2177 991 2252 possunt,
1017 2161 1203 2253 adripiunt:
1227 2162 1283 2230 alu
1304 2189 1343 2232 ex

192 2307 198 2320 Ι
250 2247 364 2313 nastris
386 2273 451 2314 sese
470 2249 622 2324 incitant;
653 2250 691 2316 lit
704 2251 737 2316 in
752 2250 849 2316 hostis
869 2251 1012 2339 inpetum
1034 2250 1088 2314 sed
1110 2273 1203 2316 muro
1217 2251 1344 2339 sagittis

248 2335 485 2422 tormentisque
499 2335 660 2438 fugientes
672 2337 819 2425 persequi
832 2336 1053 2426 prohibentur.
1077 2336 1129 2403 Illi
1141 2339 1202 2404 sub
1214 2361 1343 2404 murum

249 2442 285 2483 se
307 2421 469 2509 recipiunt
499 2421 607 2510 ibrque
633 2423 811 2490 musculum
835 2423 949 2489 turrim
975 2447 1015 2489 ue
1042 2423 1214 2490 lateritium
1239 2425 1344 2495 libere

249 2502 434 2573 incendunt.
474 2507 525 2573 Ita
547 2509 723 2575 multorum
748 2509 902 2576 mensium
928 2447 1021 2575 labor
1042 2509 1180 2576 hostiurn
1195 2512 1343 2600 perfidia,

248 2595 286 2656 et
311 2593 344 2658 vi
370 2607 436 2660 tem
494 2596 580 2673 tatis,
609 2607 731 2685 puncto
757 2610 821 2662 tem
867 2598 909 2662 ris
939 2596 1072 2663 interiit.
1117 2597 1343 2666 Tentaverunt

248 2675 310 2744 boe
325 2678 410 2746 idem
425 2619 636 2752 ilidsilienses
656 2697 786 2772 postero
829 2705 873 2749 re:
897 2683 1050 2749 eamdem·
1062 2685 1149 2750 nacti
1170 2695 1341 2775 tempests-

247 2775 328 2842 tem,
354 2767 468 2856 majori
497 2792 571 2834 cum
598 2768 714 2836 fiducia
739 2769 780 2836 ad
809 2769 947 2836 alterum
975 2783 1098 2836 turrem
1124 2795 1341 2860 aggeremque

246 2854 418 2940 eruptione
433 2869 661 2943 pugnaverunt
681 2857 885 2944 multumque
903 2855 1011 2946 ignem
1025 2856 1216 2924 intulerunt.
1263 2861 1340 2936 Sed,

248 2939 471 3028 utsuperioris
481 2943 635 3030 temporis
645 2945 882 3009 contentionem
893 2943 993 3008 nostri
1006 2966 1130 3008 ornnem
1143 2945 1341 3022 remiserant,

246 3022 307 3099 ita,
323 3025 461 3112 proximi
473 3025 536 3092 diei
549 3051 622 3094 oeau
635 3028 801 3105 admoniti,
812 3029 915 3097 omnia
923 3028 964 3095 ad
980 3027 1194 3096 defensionem
1207 3055 1340 3120 parave-

248 3123 334 3175 rant.
379 3111 506 3200 ltaque,
521 3113 630 3180 multis
642 3115 831 3194 interfectis,
858 3115 998 3204 reliquos
1010 3115 1128 3184 infecta
1148 3141 1184 3184 re
1197 3117 1230 3186 iu
1245 3120 1339 3212 oppi-

247 3194 329 3264 duin
342 3221 379 3263 re
403 3198 545 3266 ulerunt.

281 3283 346 3386 .¹.⁵·
399 3285 550 3353 rebonius
564 3311 613 3365 ea,
642 3313 715 3378 qnae
731 3302 806 3356 sunt
820 3288 943 3378 amissa,
958 3289 1061 3356 multo
1084 3292 1205 3382 majore
1230 3291 1338 3360 studio

247 3369 388 3438 multtum
401 3372 623 3443 administrare
642 3390 677 3442 et
696 3376 828 3443 reficere
848 3376 1000 3443 instituit.
1047 3379 1143 3456 Nam,
1159 3379 1215 3447 ubi
1232 3395 1338 3448 tantos

208 3507 214 3510 -
246 3479 322 3524 suos
334 3457 460 3526 labores
473 3473 507 3526 et
517 3460 694 3552 adparatus
707 3466 790 3531 male
801 3463 947 3532 cecidisse
961 3463 1125 3542 viderunt,
1138 3466 1338 3558 induciisque

282 3631 362 3682 Am
379 3639 494 3685 emesa.
511 3634 564 3684 vid.
585 3637 618 3685 ad
636 3635 666 3686 Β.
688 3637 721 3686 G.
743 3641 768 3698 2,
853 3641 1036 3704 Muroropitta's
1062 3642 1212 3704 rotumum,
1228 3642 1337 3710 sagittis,

248 3695 290 3772 ’l'
308 3695 346 3745 Μ.
818 3717 916 3753 ensuro
927 3703 1020 3766 missis.
1038 3658 1075 3755 dl.

283 3762 315 3808 Se
327 3761 399 3824 forna
415 3769 559 3828 erumpant.
593 3764 635 3814 Sic
655 3775 681 3816 et
697 3765 768 3831 Virg.
849 3770 950 3833 Majors'.
967 3767 1019 3819 Alii
1030 3775 1177 3837 mojoriqroe.

246 3823 279 3872 G.
297 3826 323 3883 ⁴,
339 3827 396 3875 ³68.
427 3827 468 3877 Cf.
489 3837 515 3876 et
538 3829 639 3894 Berger.
661 3831 694 3880 de
714 3841 767 3880 nat.
851 3835 993 3898 Super-torta
1018 3841 1131 3901 temporis
1157 3842 1334 3893 mmmm

246 3889 331 3998 puter.
351 3899 415 3941 orat.
431 3907 458 3956 p.
481 3897 539 3943 408.
552 3901 580 3943 et
592 3895 720 3946 Drakenb.
734 3898 768 3946 ad
815 3897 958 3962 (antiquans
978 3899 1166 3961 tortitudinem)
1186 3909 1333 3956 remiserant

266 3949 460 4013 insulatas.
816 3963 874 4076 {ppt
893 3963 991 4028 aliquot
1011 3963 1085 4026 dies).
1116 3968 1155 4015 M.
1197 3967 1287 4020 ctare.
1307 3979 1332 4020 et

275 4017 419 4068 'Tomenta
440 4021 580 4086 fimat
605 4029 766 4090 conciperent.
857 4025 934 4077 virius
951 4029 1055 4079 mallent
1075 4034 1199 4095 superiori
1216 4041 1332 4100 tempore.

247 4079 520 4152 Vulgomnemque.
552 4087 684 4142 Eddvet.
702 4095 768 4143 acet·
815 4105 952 4157 nouopus.
977 4094 1018 4144 Sic
1035 4099 1112 4144 nto.
1131 4097 1332 4163 drumm

241 4154 338 4214 ΜΝ·
814 4171 888 4276 m
900 4159 991 4214 mana
1004 4163 1135 4228 merentis
1150 4168 1268 4230 tenum
1281 4169 1333 4234 ops·-
