2909 4809
185 382 189 389 ,
247 303 314 399 stc
570 319 634 387 aa
658 303 810 386 santo
834 317 992 387 crvtm.

249 505 361 573 tellum
375 500 632 583 Massiliensium,
652 508 694 573 ad
711 505 877 574 Nasidium
944 507 1105 582 r‘venlunt,
1121 507 1163 571 lbl
1189 529 1228 572 ue.
1243 515 1339 574 naves

246 593 434 684 expediunt,
447 617 621 680 rursusque
635 617 668 659 se
680 594 721 659 ad
732 531 965 682 conligendis
983 595 1089 660 animo
1104 529 1294 662 sundrmam
1306 605 1341 660 et

249 680 378 746 consilia
403 682 646 746 communicant.
708 682 833 748 Dextra
862 705 935 770 pars
967 681 1214 746 Massiliensibus
1240 682 1341 747 adtri-

248 768 373 841 buitur,
386 767 512 833 sinistra
527 766 670 834 Nasidio.

291 853 323 918 5.
348 853 473 920 Eodem
488 854 609 919 Brutus
619 851 799 929 contendit,
815 863 911 919 aucto
926 853 1054 918 navium
1066 872 1208 920 numero.
1251 852 1337 920 Nam

164 1007 168 1019 ,
249 940 292 1008 ad
306 963 373 1016 eas,
387 963 461 1028 qua
478 940 572 1022 facte
590 952 682 1008 erant
696 939 828 1005 Arelate
843 963 902 1029 per
914 941 1082 1016 Cesaram,
1097 941 1235 1030 captivae
1251 941 1339 1006 Mas·

250 1027 420 1104 sr'liensium
435 1040 632 1092 acceaeerant
645 1049 712 1092 sex.
739 1027 808 1091 Has
822 1027 1042 1116 superioribus
1053 1027 1213 1094 refecerat
1222 1026 1339 1092 diebus

249 1121 350 1203 atque
364 1115 511 1178 omnibus
539 1114 636 1179 rebus
661 1114 866 1178 instruxerat.
913 1113 1027 1198 ltaque
1049 1136 1121 1178 suos
1141 1113 1338 1190 cohortatus,

249 1222 329 1290 quos
344 1201 487 1287 integros
509 1200 753 1288 superavissent,
777 1211 814 1264 ut
834 1199 935 1264 victos
950 1213 1202 1278 contemnerent,
1247 1199 1338 1266 letius

248 1288 318 1378 spei
340 1286 433 1353 bonae
455 1299 555 1374 atque
577 1289 672 1352 anlr'ni
694 1287 848 1351 adversus
874 1309 928 1351 eos
982 1286 1183 1352 roliciscitur.
1257 1287 1340 1353 acil‘s

248 1384 333 1449 erat,
346 1395 387 1438 ex
400 1375 512 1448 castris
527 1374 566 1438 C.
584 1374 736 1439 Trebonli
752 1383 852 1460 atque
865 1311 1011 1439 omnilius
1026 1373 1248 1462 superioribus
1263 1374 1341 1440 locis

248 1460 434 1550 prospicere
455 1461 489 1526 in
509 1461 636 1537 urbem,
659 1472 697 1525 ut
713 1460 812 1527 omnis
825 1461 989 1548 juventus,
1009 1483 1082 1548 quae
1097 1462 1129 1526 in
1148 1460 1269 1550 oppido
1289 1483 1339 1526 re·

249 1559 421 1622 manserat,
448 1569 618 1634 omnesque
640 1547 814 1636 superioris
839 1549 953 1622 astatis,
988 1569 1061 1611 curn
1095 1547 1204 1613 liberis
1238 1556 1340 1635 atque

249 1635 402 1700 uxoribus
416 1634 620 1724 publicisque
634 1634 800 1710 custodiis,
816 1645 874 1700 aut
885 1657 925 1699 ex
938 1657 1032 1699 muro
1044 1633 1086 1698 ad
1099 1634 1216 1698 coelum
1227 1648 1341 1700 manus

182 1729 187 1738 '
218 1735 221 1740 '
251 1720 432 1797 tenderent,
454 1733 513 1786 aut
527 1721 650 1810 templa
672 1721 816 1786 Deorum
832 1721 1051 1787 inmortalium
1064 1719 1193 1786 adirent
1205 1733 1252 1798 et,
1264 1731 1341 1788 ants

98 1795 106 1816 ¹
247 1807 417 1874 simulacra
439 1809 590 1897 projecti,
619 1808 788 1874 victoriam
810 1809 854 1873 ab
878 1809 948 1888 Diis
976 1819 1203 1912 exposcerentt
1236 1828 1342 1896 neque

249 1907 320 1961 erat
340 1894 512 1984 quisquam
534 1893 687 1971 omnium,
713 1895 794 1983 quin
816 1895 847 1959 in
871 1896 939 1982 ejus
962 1892 1027 1960 dlet
1041 1914 1113 1959 casu
1128 1915 1259 1960 suarum
1274 1905 1341 1959 orn·

248 1982 336 2048 nium
363 1983 569 2048 fortunarum
589 1991 741 2047 eventum
761 1982 930 2048 consistere
946 1982 1154 2048 existimaret.
1201 1979 1287 2047 Nam
1308 1989 1342 2046 st

249 2067 372 2157 honesti
385 2091 425 2134 ex
436 2069 621 2174 juventute,
637 2075 671 2134 et
686 2070 841 2158 cujusque
856 2069 958 2135 aetatis
979 2067 1176 2156 amplissimi,
1198 2069 1340 2133 uomina·

248 2156 307 2221 tim
322 2157 447 2224 eiocatr
459 2163 558 2243 atque
572 2157 744 2231 obsecrati,
761 2179 856 2220 naves
869 2155 1138 2228 conscenderantt
1154 2165 1204 2230 ut,
1218 2155 1244 2219 si
1260 2153 1340 2244 quid

249 2241 376 2308 adversi
402 2241 580 2316 accidisset,
608 2265 648 2306 ne
674 2244 714 2307 ad
740 2243 919 2308 conandum
941 2241 1073 2330 quidem
1088 2241 1148 2306 sibi
1163 2241 1340 2346 quidquam

248 2329 365 2416 reliqui
379 2327 450 2394 iore
460 2327 608 2392 viderent
622 2350 630 2402 ς
652 2329 678 2393 si
691 2331 938 2415 superavissent,
953 2329 1005 2393 vel
1019 2327 1199 2393 domesticu
1212 2327 1341 2414 opibus,

250 2414 302 2480 tel
316 2415 454 2480 externis
469 2414 607 2488 auxiliis,
620 2415 661 2479 de
673 2417 779 2480 salute
794 2416 883 2484 urbis
898 2414 1108 2481 confiderent.

292 2501 325 2565 δέ
349 2500 525 2567 Commisso
544 2501 673 2588 proelio,
690 2502 940 2566 Massiliensibus
955 2527 1005 2566 res
1020 2501 1110 2566 nulla
1129 2497 1171 2568 ad
1184 2499 1341 2568 virtutem

249 2587 374 2655 defuit:
397 2588 453 2653 sed
477 2609 633 2653 memores
658 2609 768 2653 eorum
784 2601 1032 2678 praceptorum,
1058 2599 1130 2675 quta
1167 2586 1342 2654 aulloantc

248 2677 292 2745 'ab
301 2675 367 2747 stris
380 2681 584 2762 acceperant,
598 2672 659 2739 hoc
673 2676 779 2740 animo
793 2675 1015 2750 decertabant,
1043 2685 1081 2739 ut
1106 2695 1150 2738 nu
1176 2691 1231 2740 um
1250 2673 1342 2740 aliud

250 2760 767 2853 tempusadconaudumlrablturi
778 2762 977 2838 viderentur,
992 2775 1037 2836 et,
1050 2760 1170 2847 quibus
1183 2760 1214 2825 iu
1232 2773 1343 2852 pugna
1400 2839 1405 2843 ,

249 2849 325 2915 vitas
355 2849 537 2938 periculum
563 2847 737 2924 accideret,
776 2871 838 2914 non
868 2851 914 2913 ita
942 2848 1046 2914 multo
1078 2870 1111 2912 se
1141 2845 1341 2935 reliquorum

249 2935 368 3001 civium
389 2933 493 2998 fatum
514 2935 701 3001 antecedere
722 2935 952 3010 existimarent,
999 2935 1107 3008 uibus,
1130 2933 1212 3026 urbe
1233 2945 1342 3023 capta,

146 3057 152 3066 ·
249 3022 360 3089 eadem
388 3033 470 3086 esset
502 3019 581 3086 belli
608 3022 741 3088 fortuna
811 3021 931 3088 tienda.
1019 3018 1199 3108 idactisque
1228 3021 1345 3088 nostris

249 3107 419 3203 paullatim
448 3107 594 3184 navibus,
637 3119 672 3174 et
704 3109 767 3194 arti
790 3109 840 3174 cio
867 3107 1132 3261 (pubernatorum
1168 3107 1342 3174 mobilitati

250 3195 380 3264 naviam
401 3194 491 3260 locus
510 3192 651 3260 dabatur
674 3208 720 3274 et,
740 3195 765 3262 si
781 3219 866 3283 quan
891 3222 911 3263 ο
932 3194 1033 3262 nostri
1048 3192 1235 3260 facultatem
1258 3194 1344 3260 nacti

250 3283 363 3350 ferreis
386 3279 533 3348 manibus
560 3281 684 3371 injectis
711 3305 825 3348 nauem
853 3283 1081 3372 religaverant,
1109 3277 1251 3366 undique
1277 3281 1344 3348 suis

251 3473 329 3522 unum
357 3467 525 3522 'l'clcaensem
552 3468 597 3520 ubi
624 3485 692 3532 nunc
719 3469 775 3522 bini
826 3481 876 3535 pat.
909 3467 1186 3523 ltaetCic.cdDiv.l
1216 3469 1343 3518 lariss-

250 3543 341 3602 portus
349 3539 373 3586 le
383 3537 443 3586 ὸτω
454 3537 486 3586 rte
497 3539 525 3586 S.
537 3538 631 3600 Gerros
641 3544 667 3584 et
677 3536 775 3608 ¹I‘Ecss·
820 3539 956 3600 μοναωηι,
970 3539 992 3584 ri
1003 3535 1116 3610 dubiam.
1136 3531 1178 3583 Cl.
1185 3502 1278 3607 lieret.
1293 3529 1345 3606 ἥρ.

250 3609 299 3654 cd.
336 3601 573 3665 Wmdaqimtad
591 3601 775 3653 acuamur·
805 3605 885 3664 ·1,5,
898 3604 920 3650 6.
932 3601 972 3650 ed.
984 3600 1101 3650 Bentleii.
1120 3595 1343 3650 Curuusadl’lrn.

249 3667 446 3730 nemmem).
463 3667 512 3742 Μ..
637 3714 641 3719 ,
687 3728 702 3741 ..
823 3663 1247 3778 ep.1‚s.etadSattusrLt:aasp
1263 3667 1342 3713 ets&

251 3735 371 3848 „a”
386 3740 469 3782 m·
492 3747 529 3781 '¹⁰
548 3729 624 3780 ⁶⁰³³·
653 3729 774 3794 “ll‘'
823 3730 1344 3856 suffimentum.

286 3863 394 3913 Antan.
414 3862 455 3912 cl.
468 3863 490 3921 l,
502 3863 542 3911 86.
560 3859 598 3910 Μ.
823 3859 930 3910 mittitur
940 3876 994 3924 proe
1007 3859 1068 3909 ium.
1090 3859 1127 3908 M.

287 3929 616 3990 mutassemus.
640 3926 678 3975 Μ.
696 3925 774 3989 Apul.
857 3929 1051 3990 Praeceperant.
1072 3923 1133 3974 Sunt
1142 3921 1344 3974 assonationes.

170 3997 178 4010 '
251 3983 638 4052 Metambaltiormffertull.
659 3991 776 4055 Apol-c.
822 3991 1054 4055 dequibuscap.l.
1078 3989 1115 4038 Μ,

252 4056 646 4117 amalasuintam·
857 4059 1028 4119 Damnaque.
1059 4053 1099 4104 Sic
1113 4051 1343 4104 Oudendeosdd.

288 4123 425 4171 naim
445 4120 487 4170 Sic
498 4130 558 4170 etc.
572 4124 608 4171 1⁴.
822 4131 848 4170 et
859 4123 917 4170 eod.
928 4129 977 4171 ret.
991 4119 1073 4182 Vulgo
1083 4119 1246 4192 deductisque.

289 4187 401 4244 Honesti,
410 4185 601 4236 nobilitamilia
609 4184 667 4235 orti.
690 4185 728 4232 Μ.
856 4189 955 4238 Ferreus
961 4185 1086 4234 mnibus.
1095 4199 1119 4232 v·
1131 4183 1185 4234 lad.
1195 4185 1340 4248 mbcrpaqc

288 4253 317 4300 a·
335 4255 524 4314 mpetum.
557 4250 642 4300 Daris.
660 4245 772 4298 calebat
820 4260 955 4322 elusanus.
975 4251 1013 4300 Μ.

136 4310 139 4320 '
251 4319 300 4376 tia,
316 4315 360 4366 red
377 4321 496 4365 meteret
506 4315 569 4364 alibi
580 4315 637 4362 sisi
647 4313 685 4362 sic
701 4328 771 4362 usur-
