<?xml version="1.0" encoding="UTF-8"?>
<!DOCTYPE html PUBLIC "-//W3C//DTD XHTML 1.0 Transitional//EN"
    "http://www.w3.org/TR/xhtml1/DTD/xhtml1-transitional.dtd">
<html xmlns="http://www.w3.org/1999/xhtml" xml:lang="en" lang="en">
 <head>
  <title>
</title>
<meta http-equiv="Content-Type" content="text/html;charset=utf-8" />
  <meta name='ocr-system' content='tesseract 3.04.00' />
  <meta name='ocr-capabilities' content='ocr_page ocr_carea ocr_par ocr_line ocrx_word'/>
</head>
<body>
  <div class='ocr_page' id='page_1' title='image "./cjuliicaesarisc00obergoog/cjuliicaesarisc00obergoog_0437.png"; bbox 0 0 2909 4809; ppageno 0'>
   <div class='ocr_carea' id='block_1_1' title="bbox 294 223 1228 378">
    <p class='ocr_par' dir='ltr' id='par_1_1' title="bbox 294 223 1228 378">
     <span class='ocr_line' id='line_1_1' title="bbox 294 223 1228 378; baseline 0.005 -47"><span class='ocrx_word' id='word_1_1' title='bbox 294 229 301 239; x_wconf 83' lang='grc'><em>’</em></span> <span class='ocrx_word' id='word_1_2' title='bbox 368 223 371 229; x_wconf 75' lang='grc'><strong>’</strong></span> <span class='ocrx_word' id='word_1_3' title='bbox 449 259 537 332; x_wconf 79' lang='lat' dir='ltr'>nra.</span> <span class='ocrx_word' id='word_1_4' title='bbox 558 259 607 332; x_wconf 87' lang='lat'>11.</span> <span class='ocrx_word' id='word_1_5' title='bbox 651 261 917 378; x_wconf 66' lang='lat' dir='ltr'>cruram.</span> <span class='ocrx_word' id='word_1_6' title='bbox 1158 265 1228 336; x_wconf 80' lang='lat' dir='ltr'>aar</span> 
     </span>
    </p>
   </div>
   <div class='ocr_carea' id='block_1_2' title="bbox 93 449 1287 2969">
    <p class='ocr_par' dir='ltr' id='par_1_2' title="bbox 93 449 1287 2969">
     <span class='ocr_line' id='line_1_2' title="bbox 128 449 1227 542; baseline 0.005 -25"><span class='ocrx_word' id='word_1_7' title='bbox 128 471 189 541; x_wconf 85' lang='lat' dir='ltr'>par</span> <span class='ocrx_word' id='word_1_8' title='bbox 200 449 306 518; x_wconf 68' lang='lat' dir='ltr'>melus</span> <span class='ocrx_word' id='word_1_9' title='bbox 319 450 448 518; x_wconf 82' lang='lat' dir='ltr'>violatia</span> <span class='ocrx_word' id='word_1_10' title='bbox 459 475 549 518; x_wconf 84' lang='lat' dir='ltr'>suam</span> <span class='ocrx_word' id='word_1_11' title='bbox 571 453 730 520; x_wconf 77' lang='lat' dir='ltr'>virtutem</span> <span class='ocrx_word' id='word_1_12' title='bbox 745 453 857 522; x_wconf 89' lang='lat' dir='ltr'>inrisui</span> <span class='ocrx_word' id='word_1_13' title='bbox 883 450 953 521; x_wconf 84' lang='lat' dir='ltr'>fore</span> <span class='ocrx_word' id='word_1_14' title='bbox 979 449 1227 542; x_wconf 84' lang='lat' dir='ltr'>perdoluerunt,</span> 
     </span>
     <span class='ocr_line' id='line_1_3' title="bbox 128 537 1287 629; baseline 0.005 -25"><span class='ocrx_word' id='word_1_15' title='bbox 128 537 232 625; x_wconf 85' lang='lat' dir='ltr'>quod,</span> <span class='ocrx_word' id='word_1_16' title='bbox 248 537 335 605; x_wconf 89' lang='lat' dir='ltr'>uude</span> <span class='ocrx_word' id='word_1_17' title='bbox 348 562 450 628; x_wconf 80' lang='lat' dir='ltr'>agger</span> <span class='ocrx_word' id='word_1_18' title='bbox 465 541 593 606; x_wconf 89' lang='lat' dir='ltr'>omnino</span> <span class='ocrx_word' id='word_1_19' title='bbox 619 541 807 629; x_wconf 82' lang='lat' dir='ltr'>conportari</span> <span class='ocrx_word' id='word_1_20' title='bbox 829 555 947 628; x_wconf 81' lang='lat' dir='ltr'>posset,</span> <span class='ocrx_word' id='word_1_21' title='bbox 969 539 1048 604; x_wconf 84' lang='lat' dir='ltr'>nihil</span> <span class='ocrx_word' id='word_1_22' title='bbox 1070 556 1141 608; x_wconf 86' lang='lat' dir='ltr'>erat</span> <span class='ocrx_word' id='word_1_23' title='bbox 1155 546 1228 610; x_wconf 88' lang='lat' dir='ltr'>reli·</span> <span class='ocrx_word' id='word_1_24' title='bbox 1279 601 1287 618; x_wconf 81' lang='grc'><em>,</em></span> 
     </span>
     <span class='ocr_line' id='line_1_4' title="bbox 129 625 1228 726; baseline 0.005 -36"><span class='ocrx_word' id='word_1_25' title='bbox 129 647 248 726; x_wconf 79' lang='lat' dir='ltr'>quum:</span> <span class='ocrx_word' id='word_1_26' title='bbox 270 625 420 692; x_wconf 84' lang='lat' dir='ltr'>omnibus</span> <span class='ocrx_word' id='word_1_27' title='bbox 444 626 619 692; x_wconf 74' lang='lat' dir='ltr'>arboribus</span> <span class='ocrx_word' id='word_1_28' title='bbox 644 627 741 715; x_wconf 82' lang='lat' dir='ltr'>longe</span> <span class='ocrx_word' id='word_1_29' title='bbox 764 628 894 715; x_wconf 89' lang='lat' dir='ltr'>lateque</span> <span class='ocrx_word' id='word_1_30' title='bbox 921 628 954 693; x_wconf 93' lang='lat' dir='ltr'>in</span> <span class='ocrx_word' id='word_1_31' title='bbox 977 627 1093 693; x_wconf 75' lang='lat' dir='ltr'>finibus</span> <span class='ocrx_word' id='word_1_32' title='bbox 1116 630 1228 696; x_wconf 85' lang='lat' dir='ltr'>Massi-</span> 
     </span>
     <span class='ocr_line' id='line_1_5' title="bbox 126 710 1229 805; baseline 0.005 -28"><span class='ocrx_word' id='word_1_33' title='bbox 126 710 273 778; x_wconf 85' lang='lat' dir='ltr'>bensium</span> <span class='ocrx_word' id='word_1_34' title='bbox 286 713 399 778; x_wconf 82' lang='lat' dir='ltr'>excisis</span> <span class='ocrx_word' id='word_1_35' title='bbox 421 724 456 778; x_wconf 84' lang='lat' dir='ltr'>et</span> <span class='ocrx_word' id='word_1_36' title='bbox 471 712 643 790; x_wconf 76' lang='lat' dir='ltr'>convectis,</span> <span class='ocrx_word' id='word_1_37' title='bbox 670 725 863 803; x_wconf 83' lang='lat' dir='ltr'>“aggerem</span> <span class='ocrx_word' id='word_1_38' title='bbox 886 714 961 779; x_wconf 91' lang='lat' dir='ltr'>novi</span> <span class='ocrx_word' id='word_1_39' title='bbox 984 717 1109 804; x_wconf 84' lang='lat' dir='ltr'>generis</span> <span class='ocrx_word' id='word_1_40' title='bbox 1127 729 1229 805; x_wconf 89' lang='lat' dir='ltr'>atque</span> 
     </span>
     <span class='ocr_line' id='line_1_6' title="bbox 93 797 1229 888; baseline 0.006 -24"><span class='ocrx_word' id='word_1_41' title='bbox 93 805 100 808; x_wconf 81' lang='grc'><strong>’</strong></span> <span class='ocrx_word' id='word_1_42' title='bbox 128 807 150 842; x_wconf 84' lang='grc'><strong>“</strong></span> <span class='ocrx_word' id='word_1_43' title='bbox 165 797 349 866; x_wconf 86' lang='lat' dir='ltr'>inauditum</span> <span class='ocrx_word' id='word_1_44' title='bbox 363 813 403 864; x_wconf 69' lang='lat' dir='ltr'>en</span> <span class='ocrx_word' id='word_1_45' title='bbox 417 799 567 865; x_wconf 87' lang='lat' dir='ltr'>lateritiis</span> <span class='ocrx_word' id='word_1_46' title='bbox 580 800 708 865; x_wconf 85' lang='lat' dir='ltr'>duobus</span> <span class='ocrx_word' id='word_1_47' title='bbox 721 801 835 875; x_wconf 84' lang='lat' dir='ltr'>muria,</span> <span class='ocrx_word' id='word_1_48' title='bbox 862 825 973 866; x_wconf 85' lang='lat' dir='ltr'>senum</span> <span class='ocrx_word' id='word_1_49' title='bbox 988 803 1105 888; x_wconf 89' lang='lat' dir='ltr'>pedum</span> <span class='ocrx_word' id='word_1_50' title='bbox 1118 806 1229 870; x_wconf 80' lang='lat' dir='ltr'>craesi-</span> 
     </span>
     <span class='ocr_line' id='line_1_7' title="bbox 126 885 1228 976; baseline 0.005 -26"><span class='ocrx_word' id='word_1_51' title='bbox 126 894 150 926; x_wconf 87' lang='lat'><strong>“</strong></span> <span class='ocrx_word' id='word_1_52' title='bbox 165 885 292 963; x_wconf 88' lang='lat' dir='ltr'>tudine,</span> <span class='ocrx_word' id='word_1_53' title='bbox 306 899 407 974; x_wconf 89' lang='lat' dir='ltr'>atque</span> <span class='ocrx_word' id='word_1_54' title='bbox 423 909 535 952; x_wconf 90' lang='lat' dir='ltr'>eorum</span> <span class='ocrx_word' id='word_1_55' title='bbox 546 909 714 952; x_wconf 91' lang='lat' dir='ltr'>murorum</span> <span class='ocrx_word' id='word_1_56' title='bbox 727 888 999 976; x_wconf 80' lang='lat' dir='ltr'>contignationem</span> <span class='ocrx_word' id='word_1_57' title='bbox 1014 889 1119 954; x_wconf 88' lang='lat' dir='ltr'>facere</span> <span class='ocrx_word' id='word_1_58' title='bbox 1139 891 1228 957; x_wconf 88' lang='lat' dir='ltr'>insti-</span> 
     </span>
     <span class='ocr_line' id='line_1_8' title="bbox 127 964 1227 1063; baseline 0.005 -25"><span class='ocrx_word' id='word_1_59' title='bbox 127 983 151 1014; x_wconf 89' lang='lat'><strong>“</strong></span> <span class='ocrx_word' id='word_1_60' title='bbox 166 964 315 1049; x_wconf 78' lang='lat' dir='ltr'>tnerunt,</span> <span class='ocrx_word' id='word_1_61' title='bbox 337 997 430 1060; x_wconf 83' lang='lat' dir='ltr'>aequa</span> <span class='ocrx_word' id='word_1_62' title='bbox 456 973 525 1038; x_wconf 85' lang='lat' dir='ltr'>fere</span> <span class='ocrx_word' id='word_1_63' title='bbox 549 973 735 1048; x_wconf 87' lang='lat' dir='ltr'>latitudine,</span> <span class='ocrx_word' id='word_1_64' title='bbox 759 986 859 1061; x_wconf 83' lang='lat' dir='ltr'>atque</span> <span class='ocrx_word' id='word_1_65' title='bbox 881 974 935 1039; x_wconf 90' lang='lat' dir='ltr'>ille</span> <span class='ocrx_word' id='word_1_66' title='bbox 962 976 1170 1063; x_wconf 80' lang='lat' dir='ltr'>congestitius</span> <span class='ocrx_word' id='word_1_67' title='bbox 1186 993 1227 1044; x_wconf 71' lang='lat' dir='ltr'>ex</span> 
     </span>
     <span class='ocr_line' id='line_1_9' title="bbox 125 1059 1227 1161; baseline 0.007 -37"><span class='ocrx_word' id='word_1_68' title='bbox 125 1069 150 1104; x_wconf 81' lang='lat'>‘⁶</span> <span class='ocrx_word' id='word_1_69' title='bbox 166 1060 302 1125; x_wconf 87' lang='lat' dir='ltr'>materia</span> <span class='ocrx_word' id='word_1_70' title='bbox 322 1060 430 1126; x_wconf 84' lang='lat' dir='ltr'>fuerat</span> <span class='ocrx_word' id='word_1_71' title='bbox 452 1083 565 1161; x_wconf 72' lang='lat' dir='ltr'>agger.</span> <span class='ocrx_word' id='word_1_72' title='bbox 611 1059 681 1126; x_wconf 88' lang='lat' dir='ltr'>Ubi</span> <span class='ocrx_word' id='word_1_73' title='bbox 694 1072 754 1125; x_wconf 86' lang='lat' dir='ltr'>aut</span> <span class='ocrx_word' id='word_1_74' title='bbox 768 1062 910 1150; x_wconf 83' lang='lat' dir='ltr'>apetium</span> <span class='ocrx_word' id='word_1_75' title='bbox 932 1061 1152 1139; x_wconf 80' lang='lat' dir='ltr'>intermunus,</span> <span class='ocrx_word' id='word_1_76' title='bbox 1167 1079 1227 1132; x_wconf 89' lang='lat' dir='ltr'>aut</span> 
     </span>
     <span class='ocr_line' id='line_1_10' title="bbox 126 1144 1225 1239; baseline 0.005 -27"><span class='ocrx_word' id='word_1_77' title='bbox 126 1157 149 1189; x_wconf 80' lang='lat'>‘⁴</span> <span class='ocrx_word' id='word_1_78' title='bbox 164 1144 361 1212; x_wconf 77' lang='lat' dir='ltr'>inbecillitas</span> <span class='ocrx_word' id='word_1_79' title='bbox 374 1158 516 1212; x_wconf 82' lang='lat' dir='ltr'>materne</span> <span class='ocrx_word' id='word_1_80' title='bbox 529 1147 695 1235; x_wconf 84' lang='lat' dir='ltr'>postulare</span> <span class='ocrx_word' id='word_1_81' title='bbox 710 1147 891 1222; x_wconf 86' lang='lat' dir='ltr'>videretur,</span> <span class='ocrx_word' id='word_1_82' title='bbox 921 1147 997 1236; x_wconf 84' lang='lat' dir='ltr'>pilae</span> <span class='ocrx_word' id='word_1_83' title='bbox 1012 1149 1225 1239; x_wconf 90' lang='lat' dir='ltr'>interponun-</span> 
     </span>
     <span class='ocr_line' id='line_1_11' title="bbox 126 1233 1225 1384; baseline 0.006 -87"><span class='ocrx_word' id='word_1_84' title='bbox 126 1245 150 1274; x_wconf 87' lang='lat'><strong>“</strong></span> <span class='ocrx_word' id='word_1_85' title='bbox 164 1244 233 1310; x_wconf 88' lang='lat' dir='ltr'>tur,</span> <span class='ocrx_word' id='word_1_86' title='bbox 253 1233 485 1300; x_wconf 87' lang='lat' dir='ltr'>transversaria</span> <span class='ocrx_word' id='word_1_87' title='bbox 507 1234 599 1384; x_wconf 53' lang='lat' dir='ltr'>tigna</span> <span class='ocrx_word' id='word_1_88' title='bbox 618 1233 819 1321; x_wconf 86' lang='lat' dir='ltr'>injiciuntur,</span> <span class='ocrx_word' id='word_1_89' title='bbox 843 1257 917 1321; x_wconf 90' lang='lat' dir='ltr'>quae</span> <span class='ocrx_word' id='word_1_90' title='bbox 940 1233 1140 1302; x_wconf 76' lang='lat' dir='ltr'>lirnnmento</span> <span class='ocrx_word' id='word_1_91' title='bbox 1159 1261 1225 1305; x_wconf 81' lang='lat' dir='ltr'>esse</span> 
     </span>
     <span class='ocr_line' id='line_1_12' title="bbox 125 1319 1227 1408; baseline 0.007 -25"><span class='ocrx_word' id='word_1_92' title='bbox 125 1330 149 1364; x_wconf 74' lang='lat'>‘⁴</span> <span class='ocrx_word' id='word_1_93' title='bbox 165 1319 308 1407; x_wconf 62' lang='lat' dir='ltr'>posint:</span> <span class='ocrx_word' id='word_1_94' title='bbox 331 1333 378 1400; x_wconf 84' lang='lat' dir='ltr'>et,</span> <span class='ocrx_word' id='word_1_95' title='bbox 391 1319 527 1408; x_wconf 91' lang='lat' dir='ltr'>quidqui</span> <span class='ocrx_word' id='word_1_96' title='bbox 563 1331 612 1386; x_wconf 79' lang='lat' dir='ltr'>est</span> <span class='ocrx_word' id='word_1_97' title='bbox 632 1319 868 1408; x_wconf 72' lang='lat' dir='ltr'>contignatum</span> <span class='ocrx_word' id='word_1_98' title='bbox 893 1323 1038 1387; x_wconf 85' lang='lat' dir='ltr'>cratibus</span> <span class='ocrx_word' id='word_1_99' title='bbox 1053 1327 1227 1392; x_wconf 83' lang='lat' dir='ltr'>consterni·</span> 
     </span>
     <span class='ocr_line' id='line_1_13' title="bbox 126 1406 1226 1494; baseline 0.006 -23"><span class='ocrx_word' id='word_1_100' title='bbox 126 1419 149 1450; x_wconf 76' lang='lat'>‘⁶</span> <span class='ocrx_word' id='word_1_101' title='bbox 164 1419 221 1472; x_wconf 90' lang='lat' dir='ltr'>tur</span> <span class='ocrx_word' id='word_1_102' title='bbox 234 1417 406 1494; x_wconf 76' lang='lat' dir='ltr'>cratesque</span> <span class='ocrx_word' id='word_1_103' title='bbox 419 1407 492 1472; x_wconf 92' lang='lat' dir='ltr'>luto</span> <span class='ocrx_word' id='word_1_104' title='bbox 506 1406 540 1472; x_wconf 91' lang='lat' dir='ltr'>in</span> <span class='ocrx_word' id='word_1_105' title='bbox 598 1409 729 1472; x_wconf 92' lang='lat' dir='ltr'>untur.’&#39;</span> <span class='ocrx_word' id='word_1_106' title='bbox 776 1408 847 1473; x_wconf 88' lang='lat' dir='ltr'>Sub</span> <span class='ocrx_word' id='word_1_107' title='bbox 862 1421 949 1474; x_wconf 84' lang='lat' dir='ltr'>tecto</span> <span class='ocrx_word' id='word_1_108' title='bbox 964 1409 1067 1482; x_wconf 84' lang='lat' dir='ltr'>miles,</span> <span class='ocrx_word' id='word_1_109' title='bbox 1092 1407 1226 1478; x_wconf 86' lang='lat' dir='ltr'>dextera</span> 
     </span>
     <span class='ocr_line' id='line_1_14' title="bbox 124 1419 1226 1586; baseline 0.005 -26"><span class='ocrx_word' id='word_1_110' title='bbox 124 1517 163 1560; x_wconf 75' lang='lat' dir='ltr'>ac</span> <span class='ocrx_word' id='word_1_111' title='bbox 175 1477 304 1560; x_wconf 78' lang='lat' dir='ltr'>sinistra</span> <span class='ocrx_word' id='word_1_112' title='bbox 316 1501 412 1560; x_wconf 88' lang='lat' dir='ltr'>inuro</span> <span class='ocrx_word' id='word_1_113' title='bbox 425 1419 707 1573; x_wconf 55' lang='lat' dir='ltr'>teutualifivereus</span> <span class='ocrx_word' id='word_1_114' title='bbox 730 1493 835 1582; x_wconf 89' lang='lat' dir='ltr'>plutei</span> <span class='ocrx_word' id='word_1_115' title='bbox 854 1495 996 1582; x_wconf 85' lang='lat' dir='ltr'>objectu,</span> <span class='ocrx_word' id='word_1_116' title='bbox 1023 1495 1116 1584; x_wconf 91' lang='lat' dir='ltr'>operi</span> <span class='ocrx_word' id='word_1_117' title='bbox 1138 1522 1226 1586; x_wconf 81' lang='lat' dir='ltr'>quae-</span> 
     </span>
     <span class='ocr_line' id='line_1_15' title="bbox 124 1580 1221 1668; baseline 0.005 -22"><span class='ocrx_word' id='word_1_118' title='bbox 124 1603 261 1667; x_wconf 88' lang='lat' dir='ltr'>cumque</span> <span class='ocrx_word' id='word_1_119' title='bbox 287 1580 359 1646; x_wconf 86' lang='lat' dir='ltr'>usui</span> <span class='ocrx_word' id='word_1_120' title='bbox 386 1592 474 1656; x_wconf 86' lang='lat' dir='ltr'>sunt,</span> <span class='ocrx_word' id='word_1_121' title='bbox 500 1581 567 1646; x_wconf 83' lang='lat' dir='ltr'>aine</span> <span class='ocrx_word' id='word_1_122' title='bbox 591 1580 736 1668; x_wconf 87' lang='lat' dir='ltr'>periculo</span> <span class='ocrx_word' id='word_1_123' title='bbox 759 1581 942 1668; x_wconf 85' lang='lat' dir='ltr'>subportat.</span> <span class='ocrx_word' id='word_1_124' title='bbox 991 1582 1152 1648; x_wconf 80' lang='lat' dir='ltr'>Celeriter</span> <span class='ocrx_word' id='word_1_125' title='bbox 1170 1607 1221 1652; x_wconf 86' lang='lat' dir='ltr'>ree</span> 
     </span>
     <span class='ocr_line' id='line_1_16' title="bbox 124 1666 1225 1736; baseline -0.005 -1"><span class='ocrx_word' id='word_1_126' title='bbox 124 1666 386 1735; x_wconf 73' lang='lat' dir='ltr'>administmtur:</span> <span class='ocrx_word' id='word_1_127' title='bbox 409 1667 555 1734; x_wconf 88' lang='lat' dir='ltr'>diuturni</span> <span class='ocrx_word' id='word_1_128' title='bbox 582 1667 703 1733; x_wconf 85' lang='lat' dir='ltr'>laboris</span> <span class='ocrx_word' id='word_1_129' title='bbox 724 1666 952 1734; x_wconf 84' lang='lat' dir='ltr'>detrimentum</span> <span class='ocrx_word' id='word_1_130' title='bbox 967 1668 1096 1732; x_wconf 80' lang='lat' dir='ltr'>solertia</span> <span class='ocrx_word' id='word_1_131' title='bbox 1109 1681 1143 1734; x_wconf 91' lang='lat' dir='ltr'>et</span> <span class='ocrx_word' id='word_1_132' title='bbox 1158 1669 1225 1736; x_wconf 69' lang='grc' dir='ltr'><strong>νὴ..</strong></span> 
     </span>
     <span class='ocr_line' id='line_1_17' title="bbox 124 1753 1225 1856; baseline -0.001 -37"><span class='ocrx_word' id='word_1_133' title='bbox 124 1765 197 1820; x_wconf 83' lang='lat' dir='ltr'>tute</span> <span class='ocrx_word' id='word_1_134' title='bbox 216 1753 466 1856; x_wconf 28' lang='lat' dir='ltr'>militpmnbrevi</span> <span class='ocrx_word' id='word_1_135' title='bbox 480 1755 745 1856; x_wconf 68' lang='lat' dir='ltr'>reconcinnetur:</span> <span class='ocrx_word' id='word_1_136' title='bbox 770 1766 884 1843; x_wconf 72' lang='lat' dir='ltr'>portae,</span> <span class='ocrx_word' id='word_1_137' title='bbox 908 1753 1028 1840; x_wconf 83' lang='lat' dir='ltr'>quibua</span> <span class='ocrx_word' id='word_1_138' title='bbox 1042 1753 1120 1820; x_wconf 87' lang='lat' dir='ltr'>locis</span> <span class='ocrx_word' id='word_1_139' title='bbox 1135 1758 1225 1826; x_wconf 84' lang='lat' dir='ltr'>vide..</span> 
     </span>
     <span class='ocr_line' id='line_1_18' title="bbox 123 1841 1223 2016; baseline 0.005 -25"><span class='ocrx_word' id='word_1_140' title='bbox 123 1851 562 2004; x_wconf 39' lang='lat' dir='ltr'>tnrlkergpffinalpffirps</span> <span class='ocrx_word' id='word_1_141' title='bbox 569 1841 937 2015; x_wconf 55' lang='lat' dir='ltr'>¹1iiiiiiriirillqlelilmlpliea</span> <span class='ocrx_word' id='word_1_142' title='bbox 966 1926 1025 1994; x_wconf 90' lang='lat' dir='ltr'>diu</span> <span class='ocrx_word' id='word_1_143' title='bbox 1055 1925 1223 2016; x_wconf 86' lang='lat' dir='ltr'>longoque</span> 
     </span>
     <span class='ocr_line' id='line_1_19' title="bbox 123 2012 1223 2114; baseline 0.001 -34"><span class='ocrx_word' id='word_1_144' title='bbox 123 2017 238 2104; x_wconf 82' lang='lat' dir='ltr'>spatio</span> <span class='ocrx_word' id='word_1_145' title='bbox 244 2014 333 2082; x_wconf 87' lang='lat' dir='ltr'>refici</span> <span class='ocrx_word' id='word_1_146' title='bbox 343 2037 408 2080; x_wconf 92' lang='lat' dir='ltr'>non</span> <span class='ocrx_word' id='word_1_147' title='bbox 422 2037 515 2102; x_wconf 81' lang='lat' dir='ltr'>posse</span> <span class='ocrx_word' id='word_1_148' title='bbox 528 2026 719 2104; x_wconf 82' lang='lat' dir='ltr'>sperassent,</span> <span class='ocrx_word' id='word_1_149' title='bbox 733 2063 737 2076; x_wconf 90' lang='lat'><em>.</em></span> <span class='ocrx_word' id='word_1_150' title='bbox 779 2037 915 2080; x_wconf 89' lang='lat' dir='ltr'>ucorum</span> <span class='ocrx_word' id='word_1_151' title='bbox 936 2012 1062 2080; x_wconf 90' lang='lat' dir='ltr'>dierum</span> <span class='ocrx_word' id='word_1_152' title='bbox 1073 2037 1174 2114; x_wconf 87' lang='lat' dir='ltr'>opera</span> <span class='ocrx_word' id='word_1_153' title='bbox 1189 2028 1223 2081; x_wconf 89' lang='lat' dir='ltr'>et</span> 
     </span>
     <span class='ocr_line' id='line_1_20' title="bbox 120 2099 1224 2201; baseline 0.002 -35"><span class='ocrx_word' id='word_1_154' title='bbox 120 2099 234 2168; x_wconf 87' lang='lat' dir='ltr'>labore</span> <span class='ocrx_word' id='word_1_155' title='bbox 246 2100 294 2167; x_wconf 79' lang='lat' dir='ltr'>ita</span> <span class='ocrx_word' id='word_1_156' title='bbox 306 2101 441 2177; x_wconf 86' lang='lat' dir='ltr'>refecta,</span> <span class='ocrx_word' id='word_1_157' title='bbox 468 2115 506 2168; x_wconf 89' lang='lat' dir='ltr'>nt</span> <span class='ocrx_word' id='word_1_158' title='bbox 526 2102 635 2167; x_wconf 81' lang='lat' dir='ltr'>nullus</span> <span class='ocrx_word' id='word_1_159' title='bbox 651 2101 732 2201; x_wconf 85' lang='lat' dir='ltr'>perii</span> <span class='ocrx_word' id='word_1_160' title='bbox 757 2103 794 2166; x_wconf 85' lang='lat' dir='ltr'>iae</span> <span class='ocrx_word' id='word_1_161' title='bbox 815 2125 920 2191; x_wconf 90' lang='lat' dir='ltr'>neque</span> <span class='ocrx_word' id='word_1_162' title='bbox 948 2101 1113 2189; x_wconf 77' lang='lat' dir='ltr'>eruptioni</span> <span class='ocrx_word' id='word_1_163' title='bbox 1134 2099 1224 2168; x_wconf 85' lang='lat' dir='ltr'>lecue</span> 
     </span>
     <span class='ocr_line' id='line_1_21' title="bbox 122 2187 1223 2290; baseline 0 -36"><span class='ocrx_word' id='word_1_164' title='bbox 122 2201 216 2264; x_wconf 79' lang='lat' dir='ltr'>esset,</span> <span class='ocrx_word' id='word_1_165' title='bbox 241 2211 348 2276; x_wconf 89' lang='lat' dir='ltr'>neque</span> <span class='ocrx_word' id='word_1_166' title='bbox 372 2189 552 2290; x_wconf 72' lang='lat' dir='ltr'>quidquam</span> <span class='ocrx_word' id='word_1_167' title='bbox 575 2211 704 2256; x_wconf 86' lang='lat' dir='ltr'>omnmo</span> <span class='ocrx_word' id='word_1_168' title='bbox 731 2187 984 2277; x_wconf 88' lang='lat' dir='ltr'>relinqueretur,</span> <span class='ocrx_word' id='word_1_169' title='bbox 1012 2211 1078 2274; x_wconf 91' lang='lat' dir='ltr'>quo</span> <span class='ocrx_word' id='word_1_170' title='bbox 1104 2199 1162 2254; x_wconf 88' lang='lat' dir='ltr'>aut</span> <span class='ocrx_word' id='word_1_171' title='bbox 1188 2189 1223 2254; x_wconf 85' lang='lat' dir='ltr'>vi</span> 
     </span>
     <span class='ocr_line' id='line_1_22' title="bbox 121 2273 1221 2376; baseline -0.001 -35"><span class='ocrx_word' id='word_1_172' title='bbox 121 2275 291 2352; x_wconf 69' lang='lat' dir='ltr'>militibtn,</span> <span class='ocrx_word' id='word_1_173' title='bbox 304 2288 364 2341; x_wconf 87' lang='lat' dir='ltr'>aut</span> <span class='ocrx_word' id='word_1_174' title='bbox 377 2275 444 2364; x_wconf 79' lang='lat' dir='ltr'>igni</span> <span class='ocrx_word' id='word_1_175' title='bbox 455 2275 608 2364; x_wconf 78' lang='lat' dir='ltr'>operibus</span> <span class='ocrx_word' id='word_1_176' title='bbox 623 2275 734 2364; x_wconf 72' lang='lat' dir='ltr'>noceri</span> <span class='ocrx_word' id='word_1_177' title='bbox 746 2287 869 2376; x_wconf 80' lang='lat' dir='ltr'>poeset3</span> <span class='ocrx_word' id='word_1_178' title='bbox 886 2273 1063 2362; x_wconf 88' lang='lat' dir='ltr'>eodemque</span> <span class='ocrx_word' id='word_1_179' title='bbox 1073 2276 1221 2362; x_wconf 84' lang='lat' dir='ltr'>exemplo</span> 
     </span>
     <span class='ocr_line' id='line_1_23' title="bbox 119 2361 1224 2451; baseline -0.001 -22"><span class='ocrx_word' id='word_1_180' title='bbox 119 2363 276 2438; x_wconf 80' lang='lat' dir='ltr'>sentiunt,</span> <span class='ocrx_word' id='word_1_181' title='bbox 300 2374 404 2428; x_wconf 80' lang='lat' dir='ltr'>totam</span> <span class='ocrx_word' id='word_1_182' title='bbox 417 2362 545 2440; x_wconf 85' lang='lat' dir='ltr'>urbem,</span> <span class='ocrx_word' id='word_1_183' title='bbox 560 2386 627 2451; x_wconf 90' lang='lat' dir='ltr'>qua</span> <span class='ocrx_word' id='word_1_184' title='bbox 649 2362 692 2428; x_wconf 84' lang='lat' dir='ltr'>eit</span> <span class='ocrx_word' id='word_1_185' title='bbox 705 2363 812 2427; x_wconf 76' lang='lat' dir='ltr'>aditus</span> <span class='ocrx_word' id='word_1_186' title='bbox 833 2361 876 2427; x_wconf 90' lang='lat' dir='ltr'>ab</span> <span class='ocrx_word' id='word_1_187' title='bbox 887 2374 992 2448; x_wconf 79' lang='lat' dir='ltr'>terra,</span> <span class='ocrx_word' id='word_1_188' title='bbox 1015 2383 1110 2426; x_wconf 87' lang='lat' dir='ltr'>muro</span> <span class='ocrx_word' id='word_1_189' title='bbox 1125 2363 1224 2428; x_wconf 87' lang='lat' dir='ltr'>turri·</span> 
     </span>
     <span class='ocr_line' id='line_1_24' title="bbox 121 2447 1224 2600; baseline 0 -86"><span class='ocrx_word' id='word_1_190' title='bbox 121 2447 248 2600; x_wconf 52' lang='lat' dir='ltr'>buaqpte</span> <span class='ocrx_word' id='word_1_191' title='bbox 261 2449 424 2514; x_wconf 86' lang='lat' dir='ltr'>circumiri</span> <span class='ocrx_word' id='word_1_192' title='bbox 437 2472 540 2538; x_wconf 76' lang='lat' dir='ltr'>poaoe,</span> <span class='ocrx_word' id='word_1_193' title='bbox 563 2452 620 2525; x_wconf 82' lang='lat' dir='ltr'>uic,</span> <span class='ocrx_word' id='word_1_194' title='bbox 644 2461 684 2514; x_wconf 88' lang='lat' dir='ltr'>ut</span> <span class='ocrx_word' id='word_1_195' title='bbox 697 2448 775 2537; x_wconf 86' lang='lat' dir='ltr'>ipsis</span> <span class='ocrx_word' id='word_1_196' title='bbox 788 2447 980 2524; x_wconf 79' lang='lat' dir='ltr'>consistendi</span> <span class='ocrx_word' id='word_1_197' title='bbox 995 2448 1028 2512; x_wconf 93' lang='lat' dir='ltr'>in</span> <span class='ocrx_word' id='word_1_198' title='bbox 1043 2447 1108 2512; x_wconf 81' lang='lat' dir='ltr'>suis</span> <span class='ocrx_word' id='word_1_199' title='bbox 1120 2449 1224 2514; x_wconf 89' lang='lat' dir='ltr'>muni·</span> 
     </span>
     <span class='ocr_line' id='line_1_25' title="bbox 120 2535 1221 2624; baseline 0.002 -24"><span class='ocrx_word' id='word_1_200' title='bbox 120 2536 203 2602; x_wconf 87' lang='lat' dir='ltr'>tium</span> <span class='ocrx_word' id='word_1_201' title='bbox 228 2559 266 2600; x_wconf 86' lang='lat' dir='ltr'>ue</span> <span class='ocrx_word' id='word_1_202' title='bbox 281 2536 371 2601; x_wconf 88' lang='lat' dir='ltr'>locus</span> <span class='ocrx_word' id='word_1_203' title='bbox 383 2559 448 2601; x_wconf 93' lang='lat' dir='ltr'>non</span> <span class='ocrx_word' id='word_1_204' title='bbox 460 2549 554 2612; x_wconf 85' lang='lat' dir='ltr'>esset,</span> <span class='ocrx_word' id='word_1_205' title='bbox 595 2559 671 2600; x_wconf 90' lang='lat' dir='ltr'>uum</span> <span class='ocrx_word' id='word_1_206' title='bbox 687 2559 778 2624; x_wconf 88' lang='lat' dir='ltr'>paene</span> <span class='ocrx_word' id='word_1_207' title='bbox 801 2535 990 2600; x_wconf 81' lang='lat' dir='ltr'>inaedificata</span> <span class='ocrx_word' id='word_1_208' title='bbox 1016 2535 1048 2599; x_wconf 94' lang='lat' dir='ltr'>in</span> <span class='ocrx_word' id='word_1_209' title='bbox 1064 2535 1164 2600; x_wconf 85' lang='lat' dir='ltr'>muris</span> <span class='ocrx_word' id='word_1_210' title='bbox 1178 2536 1221 2602; x_wconf 90' lang='lat' dir='ltr'>ab</span> 
     </span>
     <span class='ocr_line' id='line_1_26' title="bbox 119 2561 1220 2708; baseline 0.001 -22"><span class='ocrx_word' id='word_1_211' title='bbox 119 2622 267 2688; x_wconf 87' lang='lat' dir='ltr'>exercitu</span> <span class='ocrx_word' id='word_1_212' title='bbox 279 2634 390 2688; x_wconf 80' lang='lat' dir='ltr'>nostro</span> <span class='ocrx_word' id='word_1_213' title='bbox 403 2623 520 2688; x_wconf 86' lang='lat' dir='ltr'>moenia</span> <span class='ocrx_word' id='word_1_214' title='bbox 533 2561 723 2688; x_wconf 60' lang='lat' dir='ltr'>viderentur</span> <span class='ocrx_word' id='word_1_215' title='bbox 738 2645 775 2686; x_wconf 89' lang='lat' dir='ltr'>ac</span> <span class='ocrx_word' id='word_1_216' title='bbox 788 2620 854 2685; x_wconf 87' lang='lat' dir='ltr'>tela</span> <span class='ocrx_word' id='word_1_217' title='bbox 864 2644 961 2686; x_wconf 90' lang='lat' dir='ltr'>manu</span> <span class='ocrx_word' id='word_1_218' title='bbox 971 2620 1220 2708; x_wconf 86' lang='lat' dir='ltr'>conjicerentur,</span> 
     </span>
     <span class='ocr_line' id='line_1_27' title="bbox 121 2707 1221 2808; baseline -0.001 -34"><span class='ocrx_word' id='word_1_219' title='bbox 121 2731 317 2796; x_wconf 82' lang='lat' dir='ltr'>suorumque</span> <span class='ocrx_word' id='word_1_220' title='bbox 331 2721 571 2785; x_wconf 88' lang='lat' dir='ltr'>tormentorum</span> <span class='ocrx_word' id='word_1_221' title='bbox 585 2731 689 2783; x_wconf 84' lang='lat' dir='ltr'>neum,</span> <span class='ocrx_word' id='word_1_222' title='bbox 712 2707 833 2794; x_wconf 88' lang='lat' dir='ltr'>quibus</span> <span class='ocrx_word' id='word_1_223' title='bbox 848 2707 910 2794; x_wconf 82' lang='lat' dir='ltr'>ipsi</span> <span class='ocrx_word' id='word_1_224' title='bbox 933 2729 1050 2794; x_wconf 84' lang='lat' dir='ltr'>magna</span> <span class='ocrx_word' id='word_1_225' title='bbox 1065 2709 1221 2808; x_wconf 79' lang='lat' dir='ltr'>speravis-</span> 
     </span>
     <span class='ocr_line' id='line_1_28' title="bbox 119 2791 1220 2885; baseline 0.001 -24"><span class='ocrx_word' id='word_1_226' title='bbox 119 2808 203 2872; x_wconf 79' lang='lat' dir='ltr'>aent,</span> <span class='ocrx_word' id='word_1_227' title='bbox 228 2796 335 2884; x_wconf 77' lang='lat' dir='ltr'>spatio</span> <span class='ocrx_word' id='word_1_228' title='bbox 382 2795 612 2885; x_wconf 85' lang='lat' dir='ltr'>ropinquitatis</span> <span class='ocrx_word' id='word_1_229' title='bbox 641 2795 793 2867; x_wconf 88' lang='lat' dir='ltr'>interire;</span> <span class='ocrx_word' id='word_1_230' title='bbox 818 2794 956 2882; x_wconf 85' lang='lat' dir='ltr'>parique</span> <span class='ocrx_word' id='word_1_231' title='bbox 979 2791 1162 2859; x_wconf 83' lang='lat' dir='ltr'>conditrone</span> <span class='ocrx_word' id='word_1_232' title='bbox 1176 2797 1220 2862; x_wconf 74' lang='lat' dir='ltr'>ex&#39;</span> 
     </span>
     <span class='ocr_line' id='line_1_29' title="bbox 120 2879 1217 2969; baseline 0.001 -23"><span class='ocrx_word' id='word_1_233' title='bbox 120 2903 216 2949; x_wconf 89' lang='lat' dir='ltr'>muro</span> <span class='ocrx_word' id='word_1_234' title='bbox 228 2905 267 2948; x_wconf 86' lang='lat' dir='ltr'>ac</span> <span class='ocrx_word' id='word_1_235' title='bbox 282 2887 367 2948; x_wconf 89' lang='lat' dir='ltr'>turri</span> <span class='ocrx_word' id='word_1_236' title='bbox 392 2907 430 2948; x_wconf 84' lang='lat' dir='ltr'>ue</span> <span class='ocrx_word' id='word_1_237' title='bbox 448 2882 589 2948; x_wconf 82' lang='lat' dir='ltr'>bellandi</span> <span class='ocrx_word' id='word_1_238' title='bbox 612 2880 701 2958; x_wconf 86' lang='lat' dir='ltr'>data,</span> <span class='ocrx_word' id='word_1_239' title='bbox 723 2880 849 2946; x_wconf 88' lang='lat' dir='ltr'>virtute</span> <span class='ocrx_word' id='word_1_240' title='bbox 864 2903 896 2944; x_wconf 86' lang='lat' dir='ltr'>ee</span> <span class='ocrx_word' id='word_1_241' title='bbox 911 2879 1028 2945; x_wconf 87' lang='lat' dir='ltr'>nostrie</span> <span class='ocrx_word' id='word_1_242' title='bbox 1048 2879 1217 2969; x_wconf 75' lang='lat' dir='ltr'>adaequem</span> 
     </span>
    </p>
   </div>
   <div class='ocr_carea' id='block_1_3' title="bbox 121 3089 1218 4071">
    <p class='ocr_par' dir='ltr' id='par_1_3' title="bbox 123 3089 1218 3224">
     <span class='ocr_line' id='line_1_30' title="bbox 157 3089 1218 3158; baseline 0 -12"><span class='ocrx_word' id='word_1_243' title='bbox 157 3095 312 3147; x_wconf 60' lang='lat' dir='ltr'>mordina-</span> <span class='ocrx_word' id='word_1_244' title='bbox 345 3097 434 3147; x_wconf 85' lang='lat' dir='ltr'>Plures</span> <span class='ocrx_word' id='word_1_245' title='bbox 451 3096 548 3145; x_wconf 86' lang='lat' dir='ltr'>malunt</span> <span class='ocrx_word' id='word_1_246' title='bbox 558 3098 647 3146; x_wconf 77' lang='lat' dir='ltr'>altitu-</span> <span class='ocrx_word' id='word_1_247' title='bbox 693 3089 958 3142; x_wconf 83' lang='lat' dir='ltr'>docueratCellarius.</span> <span class='ocrx_word' id='word_1_248' title='bbox 991 3093 1017 3142; x_wconf 83' lang='lat' dir='ltr'>Si</span> <span class='ocrx_word' id='word_1_249' title='bbox 1035 3109 1095 3158; x_wconf 76' lang='lat' dir='ltr'>ergo</span> <span class='ocrx_word' id='word_1_250' title='bbox 1113 3099 1218 3148; x_wconf 71' lang='grc' dir='ltr'>πιὶηοεα</span> 
     </span>
     <span class='ocr_line' id='line_1_31' title="bbox 123 3157 1217 3224; baseline -0.002 -14"><span class='ocrx_word' id='word_1_251' title='bbox 123 3157 190 3210; x_wconf 71' lang='lat' dir='ltr'>dtus.</span> <span class='ocrx_word' id='word_1_252' title='bbox 205 3163 245 3210; x_wconf 78' lang='lat' dir='ltr'>M.</span> <span class='ocrx_word' id='word_1_253' title='bbox 689 3161 868 3209; x_wconf 77' lang='lat' dir='ltr'>reconcinnare</span> <span class='ocrx_word' id='word_1_254' title='bbox 883 3157 983 3218; x_wconf 84' lang='lat' dir='ltr'>dicitur,</span> <span class='ocrx_word' id='word_1_255' title='bbox 1001 3157 1052 3207; x_wconf 91' lang='lat' dir='ltr'>dici</span> <span class='ocrx_word' id='word_1_256' title='bbox 1069 3158 1149 3208; x_wconf 87' lang='lat' dir='ltr'>etiam</span> <span class='ocrx_word' id='word_1_257' title='bbox 1170 3178 1217 3224; x_wconf 88' lang='lat' dir='ltr'>po-</span> 
     </span>
    </p>

    <p class='ocr_par' dir='ltr' id='par_1_4' title="bbox 125 3224 1217 3356">
     <span class='ocr_line' id='line_1_32' title="bbox 157 3224 1216 3292; baseline -0.002 -15"><span class='ocrx_word' id='word_1_258' title='bbox 157 3227 332 3292; x_wconf 71' lang='lat' dir='ltr'>Conqeatttr&#39;us.</span> <span class='ocrx_word' id='word_1_259' title='bbox 349 3227 391 3276; x_wconf 80' lang='lat' dir='ltr'>Sic</span> <span class='ocrx_word' id='word_1_260' title='bbox 399 3224 644 3275; x_wconf 69' lang='lat' dir='ltr'>Oudbeneecodu.</span> <span class='ocrx_word' id='word_1_261' title='bbox 692 3231 741 3272; x_wconf 83' lang='lat' dir='ltr'>test</span> <span class='ocrx_word' id='word_1_262' title='bbox 761 3225 939 3273; x_wconf 57' lang='lat' dir='ltr'>manandum</span> <span class='ocrx_word' id='word_1_263' title='bbox 956 3227 1136 3283; x_wconf 71' lang='lat' dir='ltr'>vaconmman&#39;,</span> <span class='ocrx_word' id='word_1_264' title='bbox 1156 3225 1216 3289; x_wconf 86' lang='lat' dir='ltr'>quia</span> 
     </span>
     <span class='ocr_line' id='line_1_33' title="bbox 125 3287 1217 3356; baseline -0.001 -17"><span class='ocrx_word' id='word_1_265' title='bbox 125 3287 209 3355; x_wconf 74' lang='lat' dir='ltr'>Vulgo</span> <span class='ocrx_word' id='word_1_266' title='bbox 218 3300 356 3356; x_wconf 69' lang='grc' dir='ltr'>ωπριαπω.</span> <span class='ocrx_word' id='word_1_267' title='bbox 692 3288 873 3337; x_wconf 83' lang='lat' dir='ltr'>detrimentum</span> <span class='ocrx_word' id='word_1_268' title='bbox 893 3288 919 3336; x_wconf 92' lang='lat' dir='ltr'>b.</span> <span class='ocrx_word' id='word_1_269' title='bbox 939 3289 957 3336; x_wconf 90' lang='lat' dir='ltr'>l.</span> <span class='ocrx_word' id='word_1_270' title='bbox 973 3295 1011 3336; x_wconf 87' lang='lat' dir='ltr'>est</span> <span class='ocrx_word' id='word_1_271' title='bbox 1025 3289 1217 3350; x_wconf 88' lang='lat' dir='ltr'>detrimentum,</span> 
     </span>
    </p>

    <p class='ocr_par' dir='ltr' id='par_1_5' title="bbox 121 3353 1218 3547">
     <span class='ocr_line' id='line_1_34' title="bbox 157 3353 1218 3422; baseline -0.003 -16"><span class='ocrx_word' id='word_1_272' title='bbox 157 3358 209 3405; x_wconf 75' lang='lat' dir='ltr'>Aut</span> <span class='ocrx_word' id='word_1_273' title='bbox 235 3360 354 3422; x_wconf 68' lang='grc' dir='ltr'>φαιὶιιω.</span> <span class='ocrx_word' id='word_1_274' title='bbox 386 3356 530 3420; x_wconf 69' lang='lat' dir='ltr'>[agebatur</span> <span class='ocrx_word' id='word_1_275' title='bbox 550 3360 645 3411; x_wconf 63' lang='lat' dir='ltr'>autam</span> <span class='ocrx_word' id='word_1_276' title='bbox 691 3354 764 3402; x_wconf 89' lang='lat' dir='ltr'>ruina</span> <span class='ocrx_word' id='word_1_277' title='bbox 774 3361 909 3416; x_wconf 87' lang='lat' dir='ltr'>acceptum</span> <span class='ocrx_word' id='word_1_278' title='bbox 921 3353 983 3412; x_wconf 82' lang='lat' dir='ltr'>(dea</span> <span class='ocrx_word' id='word_1_279' title='bbox 996 3353 1109 3402; x_wconf 67' lang='lat' dir='ltr'>Senatum</span> <span class='ocrx_word' id='word_1_280' title='bbox 1118 3354 1218 3403; x_wconf 62' lang='lat' dir='ltr'>arame-</span> 
     </span>
     <span class='ocr_line' id='line_1_35' title="bbox 124 3417 1218 3480; baseline -0.002 -10"><span class='ocrx_word' id='word_1_281' title='bbox 124 3421 169 3470; x_wconf 80' lang='lat' dir='ltr'>sed</span> <span class='ocrx_word' id='word_1_282' title='bbox 180 3437 196 3470; x_wconf 86' lang='lat' dir='ltr'>e</span> <span class='ocrx_word' id='word_1_283' title='bbox 206 3423 283 3470; x_wconf 87' lang='lat' dir='ltr'>codd.</span> <span class='ocrx_word' id='word_1_284' title='bbox 293 3430 319 3470; x_wconf 88' lang='lat' dir='ltr'>et</span> <span class='ocrx_word' id='word_1_285' title='bbox 329 3423 385 3472; x_wconf 84' lang='lat' dir='ltr'>edd.</span> <span class='ocrx_word' id='word_1_286' title='bbox 399 3419 644 3471; x_wconf 65' lang='lat' dir='ltr'>metamaucum</span> <span class='ocrx_word' id='word_1_287' title='bbox 690 3421 771 3475; x_wconf 74' lang='lat' dir='ltr'>m).</span> <span class='ocrx_word' id='word_1_288' title='bbox 788 3419 826 3466; x_wconf 85' lang='lat' dir='ltr'>M.</span> <span class='ocrx_word' id='word_1_289' title='bbox 860 3418 926 3466; x_wconf 86' lang='lat' dir='ltr'>Scel.</span> <span class='ocrx_word' id='word_1_290' title='bbox 938 3417 991 3480; x_wconf 84' lang='lat' dir='ltr'>jam</span> <span class='ocrx_word' id='word_1_291' title='bbox 1004 3417 1083 3466; x_wconf 76' lang='lat' dir='ltr'>habet</span> <span class='ocrx_word' id='word_1_292' title='bbox 1092 3423 1218 3468; x_wconf 75' lang='lat' dir='ltr'>remaciu-</span> 
     </span>
     <span class='ocr_line' id='line_1_36' title="bbox 121 3483 1217 3547; baseline -0.001 -12"><span class='ocrx_word' id='word_1_293' title='bbox 121 3486 202 3535; x_wconf 83' lang='lat' dir='ltr'>suasit</span> <span class='ocrx_word' id='word_1_294' title='bbox 210 3486 340 3536; x_wconf 76' lang='lat' dir='ltr'>Clarkius.</span> <span class='ocrx_word' id='word_1_295' title='bbox 355 3486 551 3536; x_wconf 76' lang='lat' dir='ltr'>ContexitOud.</span> <span class='ocrx_word' id='word_1_296' title='bbox 691 3491 778 3534; x_wconf 81' lang='lat' dir='ltr'>natur.</span> <span class='ocrx_word' id='word_1_297' title='bbox 804 3483 834 3530; x_wconf 74' lang='lat' dir='ltr'>Ti</span> <span class='ocrx_word' id='word_1_298' title='bbox 849 3484 1026 3532; x_wconf 74' lang='lat' dir='ltr'>recmwittatar</span> <span class='ocrx_word' id='word_1_299' title='bbox 1041 3483 1217 3547; x_wconf 73' lang='lat' dir='ltr'>metaphoram</span> 
     </span>
    </p>

    <p class='ocr_par' dir='ltr' id='par_1_6' title="bbox 121 3545 1216 3876">
     <span class='ocr_line' id='line_1_37' title="bbox 153 3545 1196 3601; baseline -0.005 -1"><span class='ocrx_word' id='word_1_300' title='bbox 153 3551 231 3600; x_wconf 70' lang='lat' dir='ltr'>Metro</span> <span class='ocrx_word' id='word_1_301' title='bbox 250 3558 335 3601; x_wconf 80' lang='lat' dir='ltr'>tectus.</span> <span class='ocrx_word' id='word_1_302' title='bbox 370 3551 401 3600; x_wconf 75' lang='lat' dir='ltr'>&#39;ro&#39;</span> <span class='ocrx_word' id='word_1_303' title='bbox 420 3560 496 3601; x_wconf 75' lang='lat' dir='ltr'>tectus</span> <span class='ocrx_word' id='word_1_304' title='bbox 513 3551 644 3600; x_wconf 86' lang='lat' dir='ltr'>abundare</span> <span class='ocrx_word' id='word_1_305' title='bbox 692 3549 771 3598; x_wconf 85' lang='lat' dir='ltr'>babet</span> <span class='ocrx_word' id='word_1_306' title='bbox 779 3547 814 3596; x_wconf 87' lang='lat' dir='ltr'>ab</span> <span class='ocrx_word' id='word_1_307' title='bbox 823 3545 947 3596; x_wconf 87' lang='lat' dir='ltr'>amicitia.</span> <span class='ocrx_word' id='word_1_308' title='bbox 1194 3575 1196 3580; x_wconf 95' lang='lat'>·</span> 
     </span>
     <span class='ocr_line' id='line_1_38' title="bbox 124 3611 1214 3682; baseline -0.002 -17"><span class='ocrx_word' id='word_1_309' title='bbox 124 3615 212 3665; x_wconf 74' lang='lat' dir='ltr'>statuit</span> <span class='ocrx_word' id='word_1_310' title='bbox 221 3615 360 3666; x_wconf 81' lang='lat' dir='ltr'>Marchud.</span> <span class='ocrx_word' id='word_1_311' title='bbox 369 3634 393 3682; x_wconf 83' lang='lat' dir='ltr'>p.</span> <span class='ocrx_word' id='word_1_312' title='bbox 402 3621 461 3666; x_wconf 77' lang='lat'><strong>268.</strong></span> <span class='ocrx_word' id='word_1_313' title='bbox 479 3617 572 3665; x_wconf 84' lang='lat' dir='ltr'>Verum</span> <span class='ocrx_word' id='word_1_314' title='bbox 581 3628 645 3663; x_wconf 90' lang='lat' dir='ltr'>con·</span> <span class='ocrx_word' id='word_1_315' title='bbox 727 3613 859 3668; x_wconf 70' lang='lat' dir='ltr'>Quadrati.</span> <span class='ocrx_word' id='word_1_316' title='bbox 869 3611 942 3662; x_wconf 86' lang='lat' dir='ltr'>Leid.</span> <span class='ocrx_word' id='word_1_317' title='bbox 953 3617 978 3659; x_wconf 78' lang='lat'>2.</span> <span class='ocrx_word' id='word_1_318' title='bbox 997 3614 1048 3660; x_wconf 81' lang='lat' dir='ltr'>Sed</span> <span class='ocrx_word' id='word_1_319' title='bbox 1054 3615 1104 3663; x_wconf 78' lang='lat' dir='ltr'>ubl.</span> <span class='ocrx_word' id='word_1_320' title='bbox 1118 3611 1214 3664; x_wconf 85' lang='lat' dir='ltr'>Verum</span> 
     </span>
     <span class='ocr_line' id='line_1_39' title="bbox 121 3677 1216 3741; baseline -0.009 -11"><span class='ocrx_word' id='word_1_321' title='bbox 121 3680 289 3730; x_wconf 75' lang='lat' dir='ltr'>sentientibus</span> <span class='ocrx_word' id='word_1_322' title='bbox 310 3683 385 3731; x_wconf 87' lang='lat' dir='ltr'>codd.</span> <span class='ocrx_word' id='word_1_323' title='bbox 409 3681 565 3732; x_wconf 72' lang='lat' dir='ltr'>abuuehutia</span> <span class='ocrx_word' id='word_1_324' title='bbox 592 3693 643 3727; x_wconf 87' lang='lat' dir='ltr'>non</span> <span class='ocrx_word' id='word_1_325' title='bbox 739 3680 951 3741; x_wconf 84' lang='lat' dir='ltr'>dnonnunquam</span> <span class='ocrx_word' id='word_1_326' title='bbox 973 3679 1079 3726; x_wconf 85' lang='lat' dir='ltr'>eandem</span> <span class='ocrx_word' id='word_1_327' title='bbox 1095 3677 1147 3727; x_wconf 80' lang='lat' dir='ltr'>vim</span> <span class='ocrx_word' id='word_1_328' title='bbox 1168 3679 1216 3730; x_wconf 70' lang='lat' dir='ltr'>he.</span> 
     </span>
     <span class='ocr_line' id='line_1_40' title="bbox 123 3742 1080 3804; baseline -0.007 -8"><span class='ocrx_word' id='word_1_329' title='bbox 123 3753 206 3796; x_wconf 86' lang='lat' dir='ltr'>nocet.</span> <span class='ocrx_word' id='word_1_330' title='bbox 238 3747 290 3796; x_wconf 86' lang='lat' dir='ltr'>Pro</span> <span class='ocrx_word' id='word_1_331' title='bbox 306 3748 352 3797; x_wconf 75' lang='lat' dir='ltr'>ml&gt;</span> <span class='ocrx_word' id='word_1_332' title='bbox 369 3753 433 3797; x_wconf 84' lang='lat' dir='ltr'>tecta</span> <span class='ocrx_word' id='word_1_333' title='bbox 449 3747 497 3797; x_wconf 86' lang='lat' dir='ltr'>alii</span> <span class='ocrx_word' id='word_1_334' title='bbox 512 3747 644 3803; x_wconf 71' lang='lat' dir='ltr'>maneto,</span> <span class='ocrx_word' id='word_1_335' title='bbox 710 3742 1080 3804; x_wconf 84' lang='lat' dir='ltr'>ct,utnotatManut.edh.l.</span> 
     </span>
     <span class='ocr_line' id='line_1_41' title="bbox 124 3806 1216 3876; baseline -0.002 -14"><span class='ocrx_word' id='word_1_336' title='bbox 124 3812 192 3876; x_wconf 81' lang='lat' dir='ltr'>qaod</span> <span class='ocrx_word' id='word_1_337' title='bbox 205 3811 417 3874; x_wconf 81' lang='lat' dir='ltr'>placetGrutero.</span> <span class='ocrx_word' id='word_1_338' title='bbox 723 3809 942 3858; x_wconf 77' lang='lat' dir='ltr'>Adumattma.</span> <span class='ocrx_word' id='word_1_339' title='bbox 974 3806 1044 3856; x_wconf 88' lang='lat' dir='ltr'>Male</span> <span class='ocrx_word' id='word_1_340' title='bbox 1055 3817 1113 3872; x_wconf 85' lang='lat' dir='ltr'>poet</span> <span class='ocrx_word' id='word_1_341' title='bbox 1130 3807 1216 3860; x_wconf 68' lang='lat' dir='ltr'>addas</span> 
     </span>
    </p>

    <p class='ocr_par' dir='ltr' id='par_1_7' title="bbox 156 3873 905 3937">
     <span class='ocr_line' id='line_1_42' title="bbox 156 3873 905 3937; baseline -0.008 -11"><span class='ocrx_word' id='word_1_342' title='bbox 156 3877 291 3936; x_wconf 73' lang='lat' dir='ltr'>Admau,</span> <span class='ocrx_word' id='word_1_343' title='bbox 306 3877 421 3927; x_wconf 77' lang='lat' dir='ltr'>afronte.</span> <span class='ocrx_word' id='word_1_344' title='bbox 438 3877 475 3925; x_wconf 79' lang='grc' dir='ltr'>Μ.</span> <span class='ocrx_word' id='word_1_345' title='bbox 690 3873 789 3937; x_wconf 76' lang='lat' dir='ltr'>virgula</span> <span class='ocrx_word' id='word_1_346' title='bbox 799 3873 905 3922; x_wconf 84' lang='lat' dir='ltr'>locatur.</span> 
     </span>
    </p>

    <p class='ocr_par' dir='ltr' id='par_1_8' title="bbox 123 3937 1214 4071">
     <span class='ocr_line' id='line_1_43' title="bbox 156 3937 1214 4003; baseline -0.002 -13"><span class='ocrx_word' id='word_1_347' title='bbox 156 3942 363 3992; x_wconf 61' lang='lat' dir='ltr'>masmar.</span> <span class='ocrx_word' id='word_1_348' title='bbox 453 3951 477 3990; x_wconf 82' lang='lat' dir='ltr'>te</span> <span class='ocrx_word' id='word_1_349' title='bbox 493 3941 555 4001; x_wconf 90' lang='lat' dir='ltr'>hoc,</span> <span class='ocrx_word' id='word_1_350' title='bbox 572 3937 645 4003; x_wconf 84' lang='lat' dir='ltr'>quis·</span> <span class='ocrx_word' id='word_1_351' title='bbox 726 3943 872 3988; x_wconf 68' lang='lat' dir='ltr'>circumiit.</span> <span class='ocrx_word' id='word_1_352' title='bbox 889 3938 1019 3987; x_wconf 87' lang='lat' dir='ltr'>Siccodd.</span> <span class='ocrx_word' id='word_1_353' title='bbox 1040 3937 1214 3991; x_wconf 68' lang='lat' dir='ltr'>taederet.</span> 
     </span>
     <span class='ocr_line' id='line_1_44' title="bbox 123 3941 1174 4071; baseline -0.003 -17"><span class='ocrx_word' id='word_1_354' title='bbox 123 4004 314 4069; x_wconf 76' lang='lat' dir='ltr'>quisfuerit,rc</span> <span class='ocrx_word' id='word_1_355' title='bbox 350 3941 644 4071; x_wconf 46' lang='lat' dir='ltr'>suimvitiosacodi-</span> <span class='ocrx_word' id='word_1_356' title='bbox 689 4006 874 4062; x_wconf 65' lang='lat' dir='ltr'>circumveniat,</span> <span class='ocrx_word' id='word_1_357' title='bbox 887 4003 956 4066; x_wconf 91' lang='lat' dir='ltr'>quod</span> <span class='ocrx_word' id='word_1_358' title='bbox 966 4002 1063 4066; x_wconf 82' lang='lat' dir='ltr'>recepit</span> <span class='ocrx_word' id='word_1_359' title='bbox 1072 4003 1174 4053; x_wconf 87' lang='lat' dir='ltr'>Clerke.</span> 
     </span>
    </p>
   </div>
   <div class='ocr_carea' id='block_1_4' title="bbox 19 4067 1213 4135">
    <p class='ocr_par' dir='ltr' id='par_1_9' title="bbox 19 4067 1213 4135">
     <span class='ocr_line' id='line_1_45' title="bbox 19 4067 1213 4135; baseline 0 -16"><span class='ocrx_word' id='word_1_360' title='bbox 19 4070 20 4081; x_wconf 60' lang='lat'>¹</span> <span class='ocrx_word' id='word_1_361' title='bbox 123 4071 307 4121; x_wconf 76' lang='lat' dir='ltr'>cumomnium</span> <span class='ocrx_word' id='word_1_362' title='bbox 326 4073 644 4135; x_wconf 76' lang='lat' dir='ltr'>ectione‚quaeestreeoa-</span> <span class='ocrx_word' id='word_1_363' title='bbox 725 4067 1080 4128; x_wconf 78' lang='lat' dir='ltr'>Poener&#39;noedtfic.-moenia.</span> <span class='ocrx_word' id='word_1_364' title='bbox 1114 4067 1213 4120; x_wconf 69' lang='lat' dir='ltr'>Moenia</span> 
     </span>
    </p>
   </div>
   <div class='ocr_carea' id='block_1_5' title="bbox 121 4132 1215 4331">
    <p class='ocr_par' dir='ltr' id='par_1_10' title="bbox 121 4132 1215 4331">
     <span class='ocr_line' id='line_1_46' title="bbox 121 4132 1211 4198; baseline -0.002 -12"><span class='ocrx_word' id='word_1_365' title='bbox 121 4137 234 4186; x_wconf 51' lang='lat' dir='ltr'>wana.</span> <span class='ocrx_word' id='word_1_366' title='bbox 262 4137 329 4186; x_wconf 82' lang='lat' dir='ltr'>Nam</span> <span class='ocrx_word' id='word_1_367' title='bbox 339 4135 643 4187; x_wconf 72' lang='lat' dir='ltr'>mconctsnureiuaedill-</span> <span class='ocrx_word' id='word_1_368' title='bbox 691 4133 802 4182; x_wconf 79' lang='lat' dir='ltr'>boetium</span> <span class='ocrx_word' id='word_1_369' title='bbox 821 4133 929 4182; x_wconf 87' lang='lat' dir='ltr'>lateritia</span> <span class='ocrx_word' id='word_1_370' title='bbox 950 4136 986 4192; x_wconf 83' lang='lat' dir='ltr'>(c.</span> <span class='ocrx_word' id='word_1_371' title='bbox 1013 4133 1053 4191; x_wconf 79' lang='lat' dir='ltr'>ta)</span> <span class='ocrx_word' id='word_1_372' title='bbox 1075 4132 1110 4181; x_wconf 85' lang='lat' dir='ltr'>ita</span> <span class='ocrx_word' id='word_1_373' title='bbox 1131 4150 1211 4198; x_wconf 90' lang='lat' dir='ltr'>prope</span> 
     </span>
     <span class='ocr_line' id='line_1_47' title="bbox 123 4197 1215 4266; baseline -0.002 -16"><span class='ocrx_word' id='word_1_374' title='bbox 123 4201 203 4250; x_wconf 73' lang='lat' dir='ltr'>cando</span> <span class='ocrx_word' id='word_1_375' title='bbox 227 4202 289 4266; x_wconf 85' lang='lat' dir='ltr'>poni</span> <span class='ocrx_word' id='word_1_376' title='bbox 335 4218 362 4252; x_wconf 85' lang='lat' dir='ltr'>ro</span> <span class='ocrx_word' id='word_1_377' title='bbox 391 4201 520 4260; x_wconf 83' lang='lat' dir='ltr'>resarcire,</span> <span class='ocrx_word' id='word_1_378' title='bbox 539 4200 642 4249; x_wconf 73' lang='lat' dir='ltr'>reficere</span> <span class='ocrx_word' id='word_1_379' title='bbox 690 4213 778 4247; x_wconf 82' lang='lat' dir='ltr'>muron</span> <span class='ocrx_word' id='word_1_380' title='bbox 815 4197 886 4246; x_wconf 83' lang='lat' dir='ltr'>urbis</span> <span class='ocrx_word' id='word_1_381' title='bbox 920 4197 1087 4248; x_wconf 73' lang='lat' dir='ltr'>Massiliensis</span> <span class='ocrx_word' id='word_1_382' title='bbox 1119 4206 1215 4248; x_wconf 80' lang='lat' dir='ltr'>structa·</span> 
     </span>
     <span class='ocr_line' id='line_1_48' title="bbox 123 4262 1124 4331; baseline -0.005 -15"><span class='ocrx_word' id='word_1_383' title='bbox 123 4267 252 4331; x_wconf 79' lang='lat' dir='ltr'>conlapsa,</span> <span class='ocrx_word' id='word_1_384' title='bbox 260 4282 293 4318; x_wconf 83' lang='lat' dir='ltr'>ex</span> <span class='ocrx_word' id='word_1_385' title='bbox 326 4265 642 4329; x_wconf 75' lang='lat' dir='ltr'>ic.aon.Fr.2,6.jam</span> <span class='ocrx_word' id='word_1_386' title='bbox 690 4262 925 4324; x_wconf 80' lang='lat' dir='ltr'>erant‚uteoslere</span> <span class='ocrx_word' id='word_1_387' title='bbox 934 4271 1070 4328; x_wconf 75' lang='lat' dir='ltr'>tangerent.</span> <span class='ocrx_word' id='word_1_388' title='bbox 1087 4263 1124 4312; x_wconf 80' lang='lat' dir='ltr'>M.</span> 
     </span>
    </p>
   </div>
   <div class='ocr_carea' id='block_1_6' title="bbox 1061 4339 1084 4392">
    <p class='ocr_par' dir='ltr' id='par_1_11' title="bbox 1061 4339 1084 4392">
     <span class='ocr_line' id='line_1_49' title="bbox 1061 4339 1084 4392; baseline 0 0"><span class='ocrx_word' id='word_1_389' title='bbox 1061 4339 1084 4392; x_wconf 90' lang='lat' dir='ltr'><strong>Y</strong></span> 
     </span>
    </p>
   </div>
   <div class='ocr_carea' id='block_1_7' title="bbox 0 0 1460 4809">
    <p class='ocr_par' dir='ltr' id='par_1_12' title="bbox 0 0 1460 4809">
     <span class='ocr_line' id='line_1_50' title="bbox 0 0 1460 4809; baseline 0 2"><span class='ocrx_word' id='word_1_390' title='bbox 0 0 1460 4809; x_wconf 95' lang='lat' dir='ltr'> </span> 
     </span>
    </p>
   </div>
  </div>
 </body>
</html>
