2909 4809
207 183 212 189 ’
250 218 320 290 sos
477 198 483 214 '
556 215 621 286 nn
643 213 798 285 nunno
822 214 1045 285 eunuco.

254 416 381 497 patere,
399 426 500 497 supra
520 402 819 473 demonstravimus.
863 404 997 471 Summo
1010 402 1044 471 vi
1059 406 1104 475 ab
1117 401 1267 495 utrinqne
1280 424 1357 471 eon-

253 492 412 560 tenditur.
457 490 695 560 laborantibus
716 492 833 561 nostris
857 492 965 559 Cesar
991 492 1169 559 Germanos
1191 490 1358 558 submittit

253 578 459 669 legionesque
506 603 543 645 ro
558 580 669 646 nastris
682 579 862 656 constituit,
885 602 926 647 ne
948 602 1013 679 qua
1026 580 1134 647 subito
1148 578 1301 669 inruptio
1314 576 1358 643 ab

253 666 393 733 hostium
423 603 573 755 peditatu
599 667 669 733 fiat.
716 666 869 737 Presidio
897 664 1062 768 legionum
1090 666 1216 743 addito,
1239 662 1359 731 nostris

254 753 379 820 animus
390 765 546 843 augetur:
568 754 687 829 hostes,
701 754 735 819 in
746 754 857 843 fugsm
868 754 1016 843 conjecti,
1030 752 1136 843 seipsi
1147 752 1359 820 multitudine

253 838 424 929 inpediunt
455 852 557 942 atque
591 842 832 931 angustioribus
867 841 970 929 portis
1005 840 1126 907 relictis
1154 854 1356 927 comuntur.

254 926 341 994 Tum
359 928 513 993 Genuam
535 927 641 1001 acrius
667 952 769 1017 usque
792 926 834 993 ad
850 926 1043 995 munitiones
1059 940 1256 1017 sequuntur.
1303 926 1359 991 Fit

252 1036 370 1117 magno
383 1014 500 1079 mdes:
523 1013 682 1092 nonnulli,
698 1014 820 1081 relictis
834 1014 938 1104 equis,
953 1014 1068 1081 somam
1084 1014 1278 1081 transirem
1293 1036 1358 1079 nn·

255 1121 374 1167 cernam
402 1100 627 1186 transcendere
655 1115 825 1169 conantur.
886 1100 1037 1169 Paullum
1066 1102 1207 1192 legiones
1234 1102 1357 1173 cm.

255 1211 335 1279 quas
355 1209 417 1278 pro
430 1186 518 1254 vallo
540 1188 766 1266 constituerat,
815 1190 975 1255 removeri
998 1190 1099 1255 'ubet
1146 1190 1224 1256 Non
1238 1190 1359 1263 minus,

253 1273 312 1361 qui
327 1274 414 1339 intra
435 1275 627 1341 munitiones
639 1288 745 1353 erant,
767 1214 857 1341 dini
872 1286 988 1365 pertur‘
1052 1288 1124 1355 tur;
1145 1278 1252 1343 veniri
1266 1275 1311 1343 sd
1325 1299 1360 1340 se

255 1360 422 1426 confestim
441 1360 669 1439 existimantes,
690 1362 733 1429 ad
753 1386 843 1431 arma
866 1363 1083 1441 conclamant;
1113 1364 1263 1447 nonnulli
1283 1385 1359 1453 per-

255 1448 362 1515 territi
386 1448 419 1515 in
442 1449 599 1539 oppidum
619 1449 823 1539 inrumpunt.
868 1448 1118 1541 Vercingetorix
1133 1463 1244 1541 portas
1260 1451 1359 1539 jubet

254 1533 374 1613 claudi,
389 1558 431 1601 ne
444 1550 549 1603 cestra
562 1536 738 1605 nudentur.
785 1536 903 1603 Multis
921 1538 1110 1617 interfectis,
1131 1537 1359 1628 compluribus

253 1621 344 1711 equis
359 1646 396 1688 ca
421 1622 474 1698 tis,
490 1624 643 1691 Germani
656 1650 723 1692 sese
738 1625 909 1715 recipiunt.
1316 1680 1323 1707 ,

208 1697 216 1718 ’
298 1709 352 1775 71.
409 1712 639 1800 ercingetorix‚
654 1714 845 1801 priusquam
858 1710 1043 1779 munitionis
1055 1710 1099 1778 ab
1115 1710 1269 1779 Romanis
1283 1736 1358 1802 per·

254 1793 417 1875 ficiuntur,
442 1799 609 1867 consilium
637 1800 738 1889 cepit,
766 1822 891 1866 omnem
920 1796 963 1865 ab
988 1824 1020 1865 se
1045 1798 1229 1889 equitatum
1256 1812 1357 1867 noctu

253 1882 431 1953 dimittere.
477 1886 726 1955 Discedentibus
738 1885 881 1963 mandet,
898 1896 921 1928 “
934 1897 973 1951 ut
987 1910 1078 1951 suam
1092 1886 1229 1975 quisque
1241 1908 1357 1955 eorum
1417 1934 1423 1941 -

253 1973 461 2039 “civitatem
484 1973 594 2051 adeat,
620 1998 807 2063 omnesque,
833 1972 891 2062 qui
917 1996 977 2063 per
1001 1986 1131 2039 aetatem
1155 1996 1247 2039 erma
1269 1973 1357 2041 ferre

254 2066 278 2099 “
294 2058 428 2149 possint,
451 2060 494 2125 ad
513 2060 639 2129 bellum
660 2076 795 2151 cogant;
817 2086 875 2127 sua
897 2060 930 2127 in
952 2060 1025 2126 illos
1048 2058 1165 2134 merita
1186 2062 1356 2150 proponit.

254 2155 278 2188 “
294 2147 477 2213 obtestatur
502 2171 555 2223 ue,
575 2162 614 2215 ut
627 2173 693 2215 suae
705 2148 820 2215 salutis
833 2146 993 2215 rationem
1008 2146 1161 2224 habeant,
1176 2170 1241 2213 neu
1255 2172 1302 2225 se,
1316 2148 1357 2215 de

255 2244 279 2275 “
295 2235 455 2299 communi
468 2172 621 2301 libertate
636 2236 758 2325 optime
773 2236 936 2311 meritum,
959 2232 1105 2301 hostibus
1128 2234 1161 2299 in
1175 2236 1357 2301 cruciatum

257 2330 279 2359 ‘⁴
295 2318 433 2384 dedunt:
470 2319 560 2407 qnod
584 2321 613 2386 si
637 2320 892 2410 indiligentiores
919 2322 1052 2397 fuerint,
1078 2320 1167 2387 milis
1190 2320 1356 2389 homiwm

256 2416 280 2447 “
294 2404 424 2471 delecta
440 2406 563 2473 LXXX
585 2430 650 2475 uns
670 2432 780 2478 secum
802 2409 974 2475 interitura
990 2406 1209 2481 demonstran
1231 2410 1356 2477 ratione

197 2520 202 2532 ¹
257 2502 279 2533 ‘⁴
295 2492 388 2569 inita,
418 2492 617 2561 frumentum
646 2521 680 2561 se
708 2496 830 2587 exigue
860 2495 987 2563 dierum
1016 2494 1110 2561 XXX
1136 2494 1273 2571 hebere,
1301 2494 1357 2563 sed

257 2590 281 2621 “
299 2578 412 2669 paullo
425 2582 522 2647 etiam
536 2582 665 2672 longius
685 2582 825 2651 tolerare
845 2606 937 2685 posse
956 2578 1152 2671 parcendo.'’
1196 2580 1260 2647 His
1274 2582 1358 2651 datis

255 2666 426 2743 mandetis,
437 2692 504 2755 qna
515 2683 588 2740 erat
601 2683 748 2735 nostrum
759 2694 843 2760 opus
853 2670 1078 2746 intermissum,
1091 2668 1235 2734 secunda
1244 2670 1278 2737 vi
1305 2670 1358 2736 ilis

255 2754 383 2820 silentio
405 2756 589 2843 equitatum
610 2758 765 2833 dimittit;
785 2758 984 2823 frumentum
1007 2778 1099 2822 omne
1122 2756 1165 2821 ad
1186 2780 1220 2821 se
1243 2694 1358 2824 relerri

252 2842 364 2929 jubet;
397 2843 513 2930 capitis
542 2868 670 2933 poenam
698 2844 748 2919 iis,
777 2844 835 2931 qui
864 2866 929 2909 non
956 2842 1139 2931 paruerint,
1169 2846 1354 2911 constituit:

254 2950 366 3079 picus,
375 2929 466 3015 cnjus
478 2952 595 3018 magno
606 2944 678 2995 erat
688 2931 733 2995 sb
747 2930 934 2996 Mandubiis
944 2930 1107 3018 compulsa
1118 2930 1225 3031 copis,
1235 2932 1357 2998 viritim

280 3014 438 3089 'tributu
469 3015 670 3083 frumentum
691 3041 788 3106 parce
813 3030 847 3083 et
872 3016 1042 3106 paullatim
1064 3017 1173 3082 metiri
1196 3018 1355 3092 instituit;

253 3102 363 3189 copias
387 3126 508 3178 omnes,
532 3128 613 3192 quas
639 3127 699 3192 pro
724 3104 849 3209 oppido
874 3104 1111 3179 conlocauerat,
1139 3105 1173 3170 in
1196 3105 1356 3194 oppidum

253 3190 383 3290 recipit.
430 3190 492 3254 His
513 3192 691 3257 rationibus
709 3192 831 3257 auxilia
847 3190 963 3257 Gallias
981 3203 1218 3278 exspectasset
1233 3192 1355 3258 bellum

253 3274 478 3359 administrare
491 3291 597 3365 purat.

299 3365 353 3427 72.
377 3364 506 3440 Quibus
527 3366 625 3433 rebus
645 3388 687 3433 er
701 3363 849 3455 per-fingis
867 3374 902 3431 et
916 3361 1053 3455 captivis
1073 3362 1225 3454 cognitis,
1248 3364 1358 3433 cesar

291 3606 781 3673 Anpust.portisrelictis‚quianonnisi
829 3604 942 3655 llannib.
972 3608 1010 3655 ts.
1038 3614 1135 3673 term
1155 3608 1245 3673 soem
1265 3612 1354 3673 Μ.

256 3681 336 3737 portas
346 3682 459 3737 angusto
467 3675 656 3737 nliqsaeersnu
668 3686 782 3738 perquer
831 3670 896 3719 Vide
908 3679 934 3719 et
946 3668 1009 3720 intra
1021 3674 1046 3731 8,
1058 3676 1099 3721 44.

255 3738 383 3787 intrarent
398 3738 442 3787 Sic
450 3738 781 3803 exposuitOudendorpius.
864 3736 935 3788 Quod
947 3738 1178 3802 siindiliqeutiom.
1212 3738 1355 3805 Vulgoqei

257 3800 311 3860 Qui
320 3805 436 3855 relidam
450 3811 568 3867 putarunt
580 3820 636 3853 ease
646 3804 780 3863 dantum
828 3802 856 3851 si.
876 3800 933 3848 Vet.
942 3802 1001 3849 edd.
1010 3804 1221 3865 intellipmtiom.
1233 3806 1353 3869 pessime.

256 3866 284 3915 bi
294 3868 383 3916 tollere
392 3870 526 3918 voluerunt
534 3870 634 3927 relictis,
648 3870 696 3919 etsi
705 3870 780 3917 codd.
866 3866 969 3915 Ratione
989 3870 1061 3925 inim,
1077 3868 1246 3929 frumentum.
1280 3871 1353 3919 Melit

256 3946 346 3981 omnes
365 3934 469 3983 babent.
493 3936 529 3982 Μ.
568 3934 678 3998 blsjores
700 3942 780 3997 portae
828 3928 895 3978 Oud.
905 3930 1031 3993 frumenti
1045 3936 1141 3983 ration
1155 3937 1229 3983 istite.
1263 3937 1353 3989 Parum

255 3996 324 4045 tonsa
338 4004 364 4045 et
374 3998 485 4049 maceria
500 4000 635 4048 obstructas
651 3999 730 4048 fuisse
742 3997 781 4047 ri-
828 3992 941 4044 interest.

255 4060 353 4110 dentur.
863 4062 921 4113 Qua
936 4068 992 4109 erat
1010 4074 1037 4109 st.
1055 4078 1095 4125 op.
1110 4064 1289 4123 meme,
1309 4064 1352 4113 ubi

292 4128 453 4177 Conantur,
479 4129 520 4177 Al.
529 4136 712 4188 mum,
721 4142 779 4191 quse
828 4128 939 4173 nondum
958 4132 1012 4173 erat
1029 4126 1114 4189 sliqua
1130 4126 1239 4177 munitio
1256 4136 1351 4179 nostis:

254 4200 295 4240 est
304 4190 485 4254 interpretatio.
503 4194 540 4241 Μ.
828 4190 939 4239 nondum
957 4190 1027 4239 enim
1046 4208 1102 4241 earn
1121 4192 1280 4256 perfecerant
1301 4196 1352 4245 tto-

295 4258 467 4307 Vena'n'udse.
495 4259 540 4306 Sic
549 4258 669 4307 Ploedrus
682 4259 755 4315 isti.
828 4255 903 4305 mani.
921 4256 958 4305 Μ.

289 4323 607 4373 emadan-mmmm.
639 4322 680 4371 Sic
691 4322 779 4387 Nepos
862 4320 971 4387 Referri.
985 4320 1115 4385 aliifeni.
