2909 4809
222 222 290 298 308
394 270 403 276 -
450 249 456 258 ·
566 225 628 306 DE
651 219 802 300 nanto
825 222 984 300 OlVlLl.

222 430 249 462 ‘⁶
264 439 389 486 necesse
415 417 585 486 habeunt.’'
630 418 709 486 llec
735 441 832 509 quam
859 431 967 510 potest
991 416 1194 488 demisissim0
1217 427 1321 508 atque

222 507 296 573 sub‘
317 506 453 573 ctissime
465 505 609 595 exponit.

217 669 221 675 ¹
270 531 322 658 [lg.
346 592 401 660 Ad
413 616 450 659 eu
462 593 570 659 caesar
584 591 765 680 respondit:
790 603 812 634 “
825 593 918 659 Nulli
931 590 1072 660 omnium
1087 591 1141 658 bas
1154 593 1254 682 portis
1267 592 1324 657 vel

187 719 191 736 ·
222 687 255 722 “
265 679 483 768 querimoniae,
506 680 558 746 vel
581 677 802 754 miserationis,
823 679 927 749 miuus
947 680 1143 746 convenisse:
1175 681 1322 768 reliquos

224 776 249 808 ‘⁶
264 769 348 834 enim
370 767 473 832 omnis
493 789 587 831 suum
601 766 743 832 officium
762 766 961 852 prestitisse
983 791 1027 843 se,
1041 767 1098 854 qui
1113 769 1209 833 etiam
1232 769 1321 833 bona

223 863 249 896 “
265 853 459 929 conditione,
473 866 508 918 et
520 852 590 918 loco
600 865 638 917 et
653 864 798 940 tempore
809 875 914 940 aequo,
930 854 1100 942 confligere
1111 853 1266 928 noluerit,
1281 865 1323 916 ut

222 949 249 982 ‘⁸
265 964 363 1042 quam
374 939 580 1044 integerrima
592 949 695 1005 essent
704 937 746 1003 ad
759 961 869 1040 pacem
882 940 1002 1014 omnia;
1023 939 1199 1006 exercitum
1211 961 1321 1015 suum,

181 1105 184 1110 Ι
222 1037 467 1118 “qu1,1nJur1a
485 1037 582 1092 ettam
607 1039 743 1113 accepta
766 1047 895 1112 suisque
910 1025 1097 1104 interfectis,
1119 1049 1200 1114 quos
1215 1027 1247 1091 in
1262 1049 1322 1090 sue
1436 1086 1439 1095 .

223 1123 250 1156 ‘⁴
267 1125 429 1204 potestate
450 1111 612 1188 habuerit,
637 1111 833 1177 conservarit
854 1125 889 1177 et
908 1113 1043 1187 texerit;
1071 1111 1158 1179 illius
1180 1113 1322 1202 denique

224 1211 251 1244 “
268 1201 426 1266 exercitus
441 1195 570 1274 milites,
591 1196 649 1286 qui
670 1221 781 1287 perse
803 1197 843 1263 de
862 1199 1060 1265 concilianda
1083 1223 1161 1289 pace
1175 1202 1319 1287 egerint:

224 1297 250 1328 ‘⁴
265 1310 331 1377 qua
344 1286 377 1352 in
392 1310 427 1352 re
441 1286 583 1351 omnium
593 1307 726 1350 suorum
736 1285 813 1350 vitre
826 1285 1053 1352 consulendum
1067 1286 1224 1376 putarint.
1265 1286 1323 1350 Sic

221 1383 248 1415 ‘⁶
267 1375 408 1440 omniurn
431 1370 581 1438 ordinum
605 1371 706 1460 partis
727 1371 762 1436 in
783 1371 1000 1440 misericordia
1019 1373 1211 1448 constitisse;
1234 1372 1323 1461 ipsos

224 1469 252 1500 “
269 1461 376 1527 Duces
389 1483 408 1534 a
423 1483 501 1549 pace
516 1458 727 1533 abhorruisse,
742 1479 796 1522 eos
811 1481 915 1547 neque
930 1459 1091 1548 conloquii
1106 1483 1210 1548 neque
1226 1459 1321 1525 indu·

224 1557 251 1589 ‘⁴
267 1548 388 1614 ciarum
397 1545 629 1634 juraservasse,
637 1557 672 1611 et
682 1543 824 1608 homines
832 1545 985 1633 inperitos
996 1559 1030 1610 et
1083 1546 1323 1634 rconloquium

149 1642 154 1650 '
224 1643 250 1678 ‘⁶
265 1633 343 1700 dece
368 1645 418 1699 tos
442 1631 657 1698 crudelissime
683 1629 887 1696 interfecisse.
944 1631 1022 1698 Acci
1047 1655 1103 1698 ruse
1129 1633 1232 1722 igitur
1260 1631 1323 1707 his,

225 1731 251 1765 “
267 1659 368 1810 quod
383 1720 575 1810 plerumque
600 1716 762 1783 hominurn
789 1717 885 1784 nimis
910 1718 1085 1805 pertinacia
1106 1731 1206 1807 atque
1227 1719 1322 1785 adro·

213 1820 251 1872 .“
267 1809 376 1898 gentis
389 1805 533 1873 accidere
547 1804 660 1880 soleat,
686 1803 735 1870 uti
752 1825 790 1870 eo
805 1818 984 1882 recurrant,
1006 1818 1041 1870 et
1063 1805 1095 1871 id
1117 1805 1335 1896 cupidissime

218 1893 252 1941 '⁴‘
267 1906 392 1998 petant,
419 1891 509 1981 quod
532 1890 644 1982 paullo
666 1903 742 1956 ante
764 1891 999 1957 contemserint.
1045 1892 1162 1980 Neque
1187 1915 1271 1959 nunc
1287 1919 1322 1958 se

224 1981 396 2049 “ullorum
418 1977 612 2052 humilitate,
634 1999 738 2065 neque
764 1977 872 2066 aliqua
898 1978 1050 2067 temporis
1075 1980 1323 2068 obportuuitate

225 2076 252 2111 “
268 2067 444 2158 postulare,
458 2065 576 2153 quibus
598 2064 693 2130 rebus
706 2087 726 2127 a
773 2077 889 2130 eantur
902 2086 980 2154 opes
993 2088 1072 2140 suae;
1094 2067 1148 2133 scd
1163 2091 1216 2134 uos
1231 2091 1321 2133 excr-

224 2167 252 2199 “
268 2156 363 2228 citus,
391 2175 474 2240 quos
502 2162 613 2216 contra
641 2173 673 2215 se
699 2173 754 2214 mu
769 2161 819 2214 tos
843 2151 910 2238 jam
937 2173 1034 2218 annos
1057 2153 1207 2234 aluerint,
1235 2153 1322 2220 velle

224 2252 251 2285 ‘⁶
266 2239 398 2307 dimitti.
444 2237 562 2325 Neque
575 2236 659 2301 enirn
677 2257 731 2300 sex
751 2235 891 2325 legiones
911 2237 1030 2304 eliade
1045 2263 1151 2306 caussa
1165 2243 1273 2306 missas
1287 2242 1320 2308 in

225 2339 251 2370 “
268 2323 471 2415 Hispaniam,
484 2322 717 2411 septimamque
731 2321 776 2387 ibi
787 2324 1008 2413 conscriptam,
1024 2348 1126 2414 neque
1139 2340 1189 2393 tot
1202 2339 1323 2394 tantas·

227 2425 254 2456 “
271 2437 336 2500 que
358 2412 465 2477 classis
530 2422 631 2482 ratas,
653 2431 758 2496 neque
779 2410 945 2478 submissos
963 2412 1083 2490 Duces,
1107 2413 1152 2479 rei
1174 2413 1324 2480 militaris

225 2509 253 2544 “
269 2499 405 2590 peritos:
429 2494 494 2562 nihi
521 2495 636 2560 honum
650 2493 692 2560 ud
706 2497 867 2583 pacandas
884 2496 1067 2587 Hispanias,
1082 2499 1161 2565 nihil
1174 2499 1215 2566 ad
1232 2524 1323 2566 usum

224 2583 458 2678 “provincie
496 2582 649 2656 rovisum,
680 2603 753 2668 quae
788 2596 925 2671 propter
959 2585 1206 2652 diuturnitatem
1235 2586 1325 2676 pacis

128 2697 132 2706 ’
226 2686 253 2719 “
269 2673 396 2741 nullum
406 2607 777 2742 auxlium'dcsiderarim
801 2669 906 2735 omnia
917 2669 983 2736 huso
995 2671 1200 2762 jampridem
1210 2685 1324 2740 contra

225 2773 254 2810 “
268 2785 301 2826 se
316 2758 436 2849 parari,
460 2756 492 2822 in
511 2771 545 2821 so
559 2755 634 2821 novi
655 2753 781 2857 generis
795 2755 930 2844 imperia
944 2760 1107 2835 constitui,
1130 2773 1168 2825 ut
1183 2759 1266 2826 idem
1281 2759 1324 2825 ad

226 2859 253 2892 “
270 2859 382 2936 portas
396 2842 528 2909 urbanis
542 2841 689 2930 praesidre
704 2840 868 2917 rebus‚,et
882 2841 962 2909 duas
984 2845 1234 2916 bellicosissimas
1248 2871 1324 2936 pro-

225 2943 255 3025 ξ·
272 2931 390 3000 vincius
403 2929 514 2996 absens
529 2940 579 2993 tot
592 2949 690 2993 annos
706 2927 868 2996 obtineat:
892 2929 972 2996 inse
985 2931 1061 3022 jura
1076 2933 1324 3022 magistratuum
1337 2954 1345 2969 ’

267 3147 341 3200 Nultu'
357 3142 655 3196 onmium-Neminem
671 3141 756 3192 minus
837 3144 1013 3198 launoium.
1038 3149 1163 3200 thtt.
1196 3152 1326 3203 lnmulttu
1439 3157 1440 3199 l

231 3213 331 3272 dooere,
345 3225 423 3275 quam
433 3206 563 3260 Afranium
581 3216 608 3256 et
617 3204 757 3266 Petreium,
803 3209 860 3258 cdd.
878 3219 925 3271 est,
944 3229 984 3262 eos
999 3229 1079 3278 usqu,
1096 3217 1228 3280 ,om
1242 3231 1326 3282 ψ

230 3276 361 3342 ‚accipere
380 3283 511 3336 agerere
529 3281 613 3337 partos
629 3269 756 3336 querentis
803 3275 964 3326 inducturum
979 3281 1044 3338 ¹juro
1058 3289 1132 3329 -et
1152 3280 1255 3332 tortusue
1277 3298 1324 3347 per
1438 3263 1439 3286 ³

230 3352 277 3394 unt
292 3337 442 3392 miserentis.
473 3337 600 3387 Miserats'o
616 3343 654 3385 est
664 3335 756 3398 cretio,
802 3339 1324 3398 erroremverbuhaecsxciueuutsnutu

230 3401 614 3460 commovensmisericordism.
629 3402 669 3449 M·
803 3411 829 3452 et
855 3403 970 3456 Oudend.
994 3407 1117 3459 editione.
1140 3411 1178 3459 Μ.
1212 3411 1324 3462 Omnino

269 3462 756 3540 lwssmdfflfflmlhll
804 3467 877 3518 locus
887 3479 939 3518 erat
948 3471 1121 3524 restituendus.
1132 3476 1240 3530 restitui.
1265 3477 1325 3528 Mo-

233 3545 272 3587 est
288 3536 392 3594 luctum,
408 3532 495 3596 inquo
512 3531 544 3580 sit
554 3531 755 3595 inpedrmeutom
804 3549 846 3584 rus
856 3533 1062 3588 omiserutverbu
1072 3544 1291 3608 mmmmm

120 3645 125 3662 ,
230 3599 317 3668 pacis,
326 3596 446 3648 omuibus
454 3597 486 3644 de
494 3595 591 3648 cauum
600 3595 662 3648 licet
670 3595 755 3645 eunuc
839 3599 1201 3672 lapsuros.i.e.iuprudesues.
1221 3605 1327 3672 Lipsiu.

234 3681 325 3732 pacem
334 3663 424 3713 lucem·
439 3661 478 3710 M.
804 3663 900 3726 elinque
909 3665 1031 3718 voluntis
1121 3671 1326 3723 nelma,
1436 3699 1437 3706 ,

270 3733 374 3794 Suuqtoe
398 3725 537 3792 mecm.
575 3724 649 3776 Conl.
670 3741 694 3776 c.
714 3727 757 3774 '16-
824 3729 991 3802 stomun.
1053 3733 1105 3783 efer
1125 3735 1157 3783 ud
1175 3739 1325 3800 pertinendo.

232 3797 276 3845 π,
297 3795 335 3844 Μ,
805 3793 930 3844 Srccodd.
958 3794 1169 3849 utrumnum.
1186 3815 1276 3865 purum
1287 3801 1326 3854 in.

233 3908 240 3930 ,
270 3860 404 3910 nauus.
436 3855 520 3918 Vulgo
537 3853 723 3905 saturnum.
805 3865 887 3907 terest.

270 3923 320 3976 Qus·
327 3938 374 3986 per
382 3937 408 3970 ss
416 3923 559 3984 -eqm'ut
570 3919 621 3968 vid.
632 3935 655 3968 c.
667 3920 707 3968 Ἡ.
717 3917 756 3967 Μ.
841 3925 953 3973 Horum.
968 3925 1014 3976 ulii
1024 3943 1140 3990 quorum.

188 4034 191 4038 Δ
271 3981 616 4035 sconsum-consume.
636 3983 757 4033 Omnium
844 3989 874 4036 Ut
885 3989 1111 4044 idem-obtineat·
1137 3997 1201 4048 Pom
1238 3995 1327 4049 inade-

236 4050 357 4102 ordinum
368 4049 492 4109 homines,
506 4047 600 4107 Coesur,
614 4047 759 4108 Caesariani,
806 4049 932 4113 scribitur,
945 4064 971 4104 ut
981 4071 1014 4106 ex
1025 4055 1099 4108 initio
1110 4059 1185 4125 hujus
1195 4061 1254 4113 libri
1266 4065 1326 4116 sutis

236 4114 331 4168 milites
341 4113 481 4174 Almniuni,
491 4112 759 4174 Du1,exercitus,hus
805 4125 912 4166 constat.
932 4120 970 4168 Μ.

235 4175 759 4247 θμΝυῑΡαΜηῑωίκιίὓοιᾶθικμ·
840 4183 974 4234 Prusian.
995 4187 1167 4252 summunt,
1177 4191 1227 4240 ..ῃ
1245 4191 1327 4258 vulg„
1434 4179 1435 4219 t

236 4254 326 4302 Μ
342 4245 399 4336 ¹¹2,
803 4247 945 4314 aarum.
961 4249 1000 4306 u.
1037 4254 1145 4308 ornos
1154 4258 1327 4322 mamm
1433 4299 1434 4312 t
