2909 4809
403 255 881 336 ue.r.·-cue.·n-ro.·
1130 231 1231 342 ³01³,

98 465 124 499 ‘⁴
139 446 445 532 vellethrsarſsese
455 475 521 522 non
531 457 842 545 essepuguaturos.”
864 454 924 522 llle
935 453 1202 521 insua‘sententia'

98 556 287 633 perseverat
300 555 335 608 st
349 542 535 632 paullulum
553 565 594 608 ex
616 566 655 608 eo
679 545 750 610 loco
769 542 966 632 digreditur,
988 554 1025 607 ut
1047 543 1200 622 timorem

97 629 292 696 adversariis
302 629 436 696 minuat.
461 629 610 695 Petreius
620 641 721 718 atque
730 629 896 707 Afranius,
907 629 1019 695 oblata
1032 629 1200 705 facultate,

98 716 135 784 iu
158 729 267 784 castra
288 739 355 782 sese
377 715 535 782 referunt.
582 716 703 792 Cesar,
730 717 884 805 praesidiis
906 716 939 782 in
960 716 1125 800 montibus
1138 717 1201 783 dis'-
1227 719 1230 726 '

98 803 227 894 positis,
252 803 340 870 omni
363 804 406 869 sd
431 803 562 870 lberum
586 803 760 870 intercluso
783 803 909 882 itinere,
936 803 1202 892 quamproxime

101 901 212 980 potest
226 889 365 956 bostium
379 890 492 956 castris
504 901 610 956 castra
624 890 813 957 communit.

147 977 203 1042 73.
228 977 363 1044 Postero
391 974 444 1041 die
471 976 579 1045 Duces
606 977 864 1046 adversariorum
894 976 1092 1068 perturbati,
1112 974 1202 1064 quod

102 1085 232 1131 omnem
259 1064 306 1130 rei
321 1063 539 1129 frumentariae
560 1063 683 1130 flumiu‘
724 1087 766 1130 ue
789 1062 876 1130 lberi
895 1087 983 1153 spem
1006 1061 1204 1142 dimiserunt,

101 1149 146 1216 de
161 1151 295 1238 reliquis
309 1151 406 1218 rebus
419 1150 653 1216 consultabant.
731 1162 782 1219 rat
800 1173 901 1217 unum
926 1145 1001 1226 iter,
1024 1149 1167 1216 ilerdam
1180 1152 1206 1216 si
1234 1151 1236 1154 ’

103 1237 228 1304 reverti
238 1237 377 1312 vellent;
398 1236 548 1313 alterum,
564 1237 590 1302 si
605 1237 821 1304 Tarraconem
835 1250 993 1328 peterent.
1040 1237 1119 1304 Haec
1133 1245 1207 1304 con·

103 1322 288 1392 siliantibus
297 1323 354 1400 eis,
368 1323 554 1400 nunciatur,
567 1336 738 1411 aquatores
753 1326 797 1391 ab
807 1325 957 1412 equitatu
969 1326 1071 1414 premi
1085 1337 1207 1391 nostro.

107 1411 184 1488 Qus
198 1433 235 1478 re
332 1410 391 1486 itu,
415 1410 553 1476 crebras.
564 1411 722 1491 stationes
739 1409 917 1501 disponunt
939 1411 1086 1498 equitum
1108 1425 1142 1476 et
1156 1433 1208 1477 co·

105 1496 251 1565 hortium
273 1521 294 1562 a
307 1498 462 1573 uriarum,
484 1497 739 1586 legionariasque
759 1498 958 1586 interjiciunt
972 1498 1126 1574 cohortis,
1141 1499 1209 1564 val-

105 1583 242 1672 lumque
255 1607 296 1650 ex
310 1585 424 1650 castris
436 1581 479 1650 ad
492 1607 609 1671 aquam
630 1585 748 1650 ducere
763 1584 934 1674 incipiunt,
954 1596 991 1650 ut
1006 1587 1091 1650 intra
1106 1583 1209 1650 muni-

106 1671 242 1747 tionem,
256 1684 291 1738 et
300 1671 368 1737 sine
382 1665 496 1736 timore
509 1683 542 1736 et
556 1671 624 1737 sine
637 1671 841 1749 stationibus,
856 1670 970 1758 aquari
984 1683 1123 1760 possent.
1170 1671 1209 1740 ld

108 1778 193 1848 opus
218 1759 304 1824 inter
329 1782 363 1822 se
388 1757 534 1836 Petreius
556 1769 657 1846 atque
677 1758 834 1824 Afranius
857 1758 1058 1848 partiuntur,
1084 1756 1209 1848 ipsique

108 1843 297 1935 perficiendi
311 1844 420 1935 operis
433 1867 544 1910 caussa
558 1845 685 1933 longius
697 1844 963 1935 progrediuntur.
981 1851 983 1856 ’

152 1931 208 1997 74.
233 1933 381 2009 Quorum
400 1930 539 1998 discessu
562 1931 698 1998 liberam
717 1931 804 1997 nacti
826 1931 943 1998 milites
962 1930 1210 2020 conloquiorum

110 2017 311 2092 fimltstem,
338 2019 440 2106 νυΙςο
467 2018 649 2107 procedunt
675 2031 722 2094 et,
749 2041 847 2106 quem
873 2019 1010 2106 quisque
1039 2019 1072 2084 in
1099 2020 1214 2085 castris

110 2119 227 2172 uotum
240 2119 299 2171 aut
312 2104 508 2194 municipem
521 2105 674 2181 babebat,
688 2104 853 2192 conquirit
866 2116 966 2192 atque
978 2118 1103 2172 evocat.-
1144 2105 1213 2170 Pri·

110 2213 202 2258 mum
218 2203 360 2281 “agunt
382 2191 503 2280 gratias
524 2215 633 2258 omnes
654 2192 814 2269 omnibus,
862 2193 926 2259 uod
948 2191 1216 2280 sibiperterritis

111 2290 137 2322 ‘⁶
179 2277 260 2366 ridie
287 2278 521 2382 pepercissent:
558 2301 669 2346 eorum
695 2302 729 2344 se
756 2213 911 2346 benedab
938 2280 1062 2346 vivere:
1097 2278 1215 2344 deinde

114 2376 138 2408 ‘⁶
154 2303 364 2456 imperemus
377 2364 473 2432 iidem
486 2378 649 2454 quaerunt,
669 2378 798 2432 rectene
811 2389 843 2432 se
859 2365 907 2431 illi
921 2365 985 2433 sint
1000 2365 1215 2442 commissuri3

114 2463 139 2496 ⁴⁸
154 2465 202 2527 et,
225 2451 316 2540 quod
344 2473 407 2545 uon
430 2451 474 2518 ab
488 2452 580 2518 initio
601 2453 738 2518 fecerint
763 2475 915 2542 arnuque
940 2475 1013 2520 cum
1033 2453 1216 2519 hominibus

115 2550 139 2583 ‘⁶
155 2539 336 2606 oomnis
350 2551 385 2606 et
404 2538 647 2628 consanguineis
660 2539 892 2612 contulerint,'’
914 2551 1108 2628 queruntur.
1156 2541 1218 2607 llis

115 2626 283 2717 provocati
307 2625 518 2702 sermonibus,
541 2635 564 2668 ‘⁶
578 2624 673 2692 fidem
695 2627 739 2693 eb
755 2625 955 2715 Imperatore
976 2623 1019 2692 de
1042 2626 1163 2692 Petreii
1183 2639 1218 2692 et

116 2725 141 2757 ‘⁴
157 2711 287 2780 Afranii
308 2713 377 2778 vita
391 2723 522 2802 petunt,
546 2734 586 2778 ne
609 2712 699 2802 quod
721 2713 754 2777 in
769 2735 801 2777 se
818 2711 920 2778 scelus
943 2713 1139 2802 concepisse,
1155 2735 1217 2779 neu
1266 2731 1269 2738 ’

117 2810 141 2844 “
156 2821 232 2866 suos
250 2798 439 2889 prodidisse,
453 2798 638 2867 videantur.
683 2798 812 2875 Quibus
835 2797 1030 2864 confirmatis
1053 2799 1163 2875 rebus,
1183 2823 1218 2865 se

118 2886 270 2952 “statim
291 2886 383 2975 signu
407 2886 619 2952 translaturos
643 2884 834 2952 confirmant
860 2886 1048 2973 legatosque
1074 2883 1116 2951 de
1137 2907 1219 2977 pace

116 2974 342 3064 “primorum
370 2971 533 3040 ordinum‘
547 2972 761 3038 Centuriones
792 2971 835 3038 ad
864 2972 1023 3039 Oaesarem
1051 2973 1220 3041 mittunt.’'

120 3059 258 3128 Interim
270 3059 326 3126 alii
340 3081 414 3126 suos
434 3060 467 3125 in
484 3071 589 3124 castra
602 3059 761 3126 invitandi
776 3081 886 3125 caussa
900 3059 1083 3136 adducunt3
1105 3061 1161 3126 alii
1176 3059 1220 3127 ab

118 3147 185 3214 suis
205 3143 426 3223 adducuntur,
451 3144 534 3213 adeo
547 3158 586 3212 ut
600 3167 664 3214 uns
677 3159 783 3213 costra
800 3147 868 3236 jam
883 3147 969 3216 beta
984 3169 1024 3212 ex
1036 3147 1120 3215 binis
1132 3147 1220 3214 vide·

158 3343 332 3424 humabunt.
362 3346 648 3415 Suntquiprepmitio·
694 3363 820 3464 Ἣ
841 3349 908 3414 quod
929 3363 986 3400 cusu
1007 3349 1073 3400 bost.
1102 3357 1128 3399 ut
1150 3348 1219 3400 Oud.

123 3421 321 3464 monstrem.
351 3459 354 3464 ,
694 3415 718 3462 ν’
739 3414 768 3464 it.
816 3450 822 3463 .

159 3479 326 3528 mons.
353 3477 480 3528 Siccodd.
491 3486 518 3530 et
527 3479 585 3528 edd.
596 3486 647 3529 vet.
730 3481 885 3534 Queruntur.
900 3477 1220 3545 atticoquerusrurconm

125 3539 211 3604 vulgo
222 3545 370 3593 amon.
694 3543 770 3592 codd.

157 3608 313 3658 Nuntiatur.
345 3605 398 3658 Alii
406 3611 568 3660 mudantur.
645 3611 648 3617 ‘
731 3609 887 3658 lssescelus
895 3609 1219 3676 msclpcre,scelere(pro-
1252 3663 1256 3670 ,

159 3672 316 3721 Alaricum.
332 3672 383 3721 rid.
394 3674 448 3723 lud.
459 3675 485 3725 in
495 3675 583 3724 ularii.
594 3675 633 3724 M.
696 3672 795 3723 ditione
820 3677 935 3736 suorum)
960 3675 1067 3734 allicere,
1093 3683 1120 3724 ut
1141 3673 1167 3724 in
1191 3692 1220 3726 se

160 3737 413 3800 &quiscum
445 3739 487 3788 Sic
506 3737 573 3787 Oud.
589 3755 650 3790 cum
697 3737 888 3802 beereatculpa,
905 3748 931 3788 ut
948 3738 1055 3788 obnoxii
1065 3739 1115 3788 siut
1125 3741 1220 3804 culpre.

126 3799 346 3851 Durisioscodd.
381 3803 466 3868 Vulgo
473 3806 607 3870 plerisque.
697 3802 767 3853 Alibi
785 3802 877 3854 dicitur
893 3803 1018 3854 nuculsm
1034 3803 1135 3854 sceleris
1152 3805 1177 3856 iu
1193 3822 1221 3856 ss

161 3866 263 3916 Deinde
279 3865 348 3933 Iup.
358 3869 445 3930 fldem.
476 3867 544 3918 Scal.
559 3884 574 3916 e
590 3883 652 3918 con·
696 3869 840 3932 concipere.
858 3870 903 3918 M..

125 3930 224 4006 lectura
233 3929 557 3998 Cisccouiides'ndelmp.
562 3935 617 3998 fide
626 3949 653 3999 q.
735 3933 968 3994 luodouds'cuurru,
983 3942 1012 3983 ut
1026 3949 1071 3984 eos
1087 3937 1223 3988 coeuaead·

129 3993 217 4044 mritis
226 3995 301 4044 codd.
310 4005 336 4046 et
347 3997 403 4046 edd·
415 4007 465 4046 vet.
697 3996 804 4048 bibeaut
814 3997 1004 4064 humaniterque
1013 3999 1153 4064 excipiant.
1178 4001 1223 4054 Sic

164 4059 654 4128 mu,msioepericulontucieet
699 4062 884 4112 Davisiuscum
894 4065 992 4114 Graevio
1001 4065 1047 4128 (sd
1057 4065 1150 4118 lustin.
1161 4071 1184 4130 l,
1196 4072 1224 4132 6)
1342 4092 1346 4099 ·

130 4123 223 4176 muci.
240 4127 279 4175 ΙΙ.
700 4127 836 4178 intellexit.
849 4129 886 4178 M.

165 4192 363 4257 limacum
375 4191 444 4248 tou.
476 4194 539 4260 ch.
554 4194 654 4247 ceodd.
735 4191 991 4258 nemorosumque
999 4197 1225 4263 suirmlranianis)

279 4316 282 4321 Α
701 4257 1000 4321 adducunturducastrs
1010 4261 1179 4331 AtmuiiW.
