2909 4809
206 225 276 329 aaa
520 244 760 319 nnnsmo
782 236 1001 317 cunnos.

210 437 364 511 cumdum
377 438 542 514 matur,
557 457 598 505 ue
611 450 670 504 sut
684 462 768 529 opus
782 436 934 505 effectum
947 432 1033 501 tueri
1044 452 1107 500 non
1118 430 1232 523 possit,
1246 432 1307 499 ant

211 526 359 621 plurimis
373 525 451 592 locis
464 524 590 591 infirma
602 526 753 615 disponat
768 521 925 616 praesidia.
940 553 947 566 ¹

256 614 311 681 35.
336 612 460 702 Magna
477 634 517 677 co
541 610 740 680 iafrumenti
754 624 952 701 comparata,
968 608 1139 677 considunt
1155 605 1249 693 Drap
1282 610 1286 619 '

211 712 249 771 et
264 699 436 767 Lucterius
450 636 657 790 noniongius
670 700 714 767 ab
727 722 747 765 ο
773 700 850 789 pido
864 696 895 764 X
909 696 1051 773 milibus,
1076 694 1161 762 unde
1183 714 1246 782 pau
1262 690 1308 756 la·

211 788 279 858 tim
289 788 484 860 frumentum
500 786 535 852 in
547 787 705 876 oppidum
717 724 960 876 subportarent.
1006 782 1073 886 Ipsi
1088 784 1173 849 inter
1187 802 1220 844 se
1232 798 1309 867 pro·

212 872 334 943 vincias
360 872 576 963 partiuntur:
616 872 766 975 Drappes
795 873 906 938 castris
935 870 1086 961 praesrdio
1109 891 1185 935 cum
1213 876 1310 969 parte

211 982 253 1027 co
278 960 385 1027 iarum
397 959 538 1034 restitit;
560 960 735 1025 Lucterius
745 981 861 1062 agmen
875 955 1142 1023 'umentorumad
1153 952 1308 1057 oppidum

279 1046 358 1113 ucit.
411 1043 585 1134 Dispositis
613 1044 659 1111 ibi
687 1046 853 1133 praesrdiis,
904 1068 961 1111 ora
987 1042 1089 1110 noctis
1115 1043 1245 1107 circiter
1265 1038 1310 1114 X,

212 1132 419 1204 silvestribus
439 1131 648 1221 angustisque
673 1132 842 1200 itineribus
869 1131 1067 1198 frumentum
1091 1128 1256 1218 inportare
1275 1124 1311 1191 in

214 1217 374 1309 oppidum
403 1218 556 1283 instituit.
611 1218 759 1293 Quorum
787 1218 960 1307 strepitum
989 1216 1103 1305 vigiles
1131 1228 1310 1282 castrorum

214 1326 318 1397 quum
328 1300 508 1381 sensissent,
521 1303 809 1405 exploratoresque
836 1305 932 1380 missi,
958 1326 1032 1391 quae
1055 1315 1240 1393 agerentur,
1261 1323 1311 1367 re·

215 1390 431 1466 nunciament,
456 1388 611 1457 Caninius
633 1392 783 1458 celeriter
808 1414 882 1456 cum
909 1388 1095 1456 cohortibus
1118 1389 1250 1456 armatis
1271 1410 1313 1452 ex

243 1475 373 1544 roximis
395 1474 534 1541 castellis
555 1477 590 1541 in
612 1474 841 1542 frumentarios
856 1476 917 1543 sub
931 1476 1031 1579 ipsam
1044 1476 1149 1542 lucem
1166 1477 1312 1563 inpetum

271 1564 309 1631 it.
355 1560 395 1638 li,
411 1561 580 1650 repentino
600 1560 688 1627 malo
709 1563 887 1650 perterriti,
914 1562 1090 1651 diffirgiunt
1104 1562 1145 1629 ad
1161 1586 1220 1629 sua
1230 1585 1313 1664 pra·

214 1648 320 1717 sidisz
346 1672 418 1738 quae
431 1650 535 1715 nostri
550 1660 589 1713 ut
602 1646 767 1726 viderunt,
782 1649 886 1715 acrius
898 1661 1013 1716 contra
1027 1662 1166 1715 armatos
1178 1648 1314 1724 incitati,

217 1735 379 1805 neminem
394 1758 434 1801 ex
447 1758 486 1801 eo
500 1756 635 1801 numero
649 1736 761 1802 vivum
776 1736 849 1839 capi
872 1737 1053 1824 patiuntur.
1098 1735 1225 1824 Effugit
1242 1735 1314 1801 inde

216 1845 292 1889 cum
306 1821 417 1913 paucis
431 1822 617 1899 Lucterius,
632 1844 691 1889 nec
706 1846 740 1888 se
753 1823 870 1913 recipit
884 1821 916 1887 in
931 1826 1046 1888 castra.

180 1960 186 1975 .
261 1909 318 1975 36.
343 1909 394 1974 Re
410 1908 494 1975 bene
513 1921 615 1997 gesta,
632 1909 786 1993 Caninius
801 1932 841 1975 ex
856 1909 990 2013 captivis
1006 1908 1172 1996 comperit,
1188 1920 1316 1996 partem

218 2015 258 2067 co
284 1996 293 2015 ⁶
315 2018 389 2065 rum
402 2016 477 2061 cum
492 1995 661 2083 Drappete
676 2020 742 2062 csse
757 1994 790 2061 in
803 2008 914 2062 castris
929 1995 1089 2062 amilibus
1103 2016 1167 2061 non
1181 1995 1317 2084 amplius

220 2088 252 2155 X
291 2133 299 2149 .
345 2083 421 2158 Qua
442 2104 479 2148 re
499 2104 540 2147 er
558 2082 780 2171 compluribus
802 2086 943 2173 cognita,
969 2088 1071 2171 quum
1097 2081 1315 2171 intellegeret,

219 2174 335 2263 fugato
369 2167 463 2234 Duce
498 2169 614 2245 altero,
651 2169 845 2257 perterritos
877 2169 1019 2257 reliquos
1050 2168 1144 2234 facile
1177 2168 1318 2256 obprimi
1359 2216 1363 2219 -

220 2278 334 2349 posse:
357 2276 480 2343 magnae
498 2252 661 2320 felicitatis
675 2279 740 2320 esse
755 2255 990 2333 arbitrabatur,
1006 2256 1163 2321 neminem
1176 2278 1217 2320 ex
1231 2253 1317 2321 caede

221 2342 379 2433 refugisse
393 2340 426 2405 in
440 2351 558 2417 castra,
594 2341 628 2407 ui
641 2341 681 2407 de
692 2354 826 2443 accepta
841 2343 1022 2409 calamitate
1041 2343 1193 2409 nuncium
1209 2341 1318 2430 Drap·
1344 2360 1350 2375 ·

223 2426 294 2521 peti
309 2426 481 2518 perferret.
527 2429 551 2493 S
615 2427 648 2495 iu
671 2430 870 2517 experiundo
885 2452 985 2517 quum
1001 2428 1179 2521 periculum
1193 2427 1318 2494 nullum

221 2514 363 2591 rideret,
392 2513 572 2602 equitatum
598 2536 723 2581 omnem
755 2518 996 2605 Germanosque
1024 2516 1159 2605 pedites,
1190 2536 1320 2580 summm

94 2652 101 2665 .
222 2598 407 2669 velocitatis
437 2600 591 2677 homines,
628 2600 670 2666 ad
705 2615 811 2669 castra
847 2602 987 2669 hostiurn
1017 2601 1209 2691 praemittit:
1251 2602 1320 2691 ipse

221 2688 384 2777 legionem
398 2708 494 2753 unam
508 2688 542 2755 in
558 2688 644 2754 trina
657 2701 763 2755 castra
777 2689 954 2769 distribuit,
977 2688 1112 2754 alteram
1135 2710 1244 2754 secum
1266 2711 1322 2754 ex-

223 2776 368 2867 peditam
384 2771 487 2840 ducit.
520 2776 630 2851 Quum
650 2778 784 2866 propius
797 2776 896 2842 hostis
910 2776 1099 2851 accessisset,
1115 2776 1158 2841 ab
1172 2776 1320 2863 explora·
1423 2778 1429 2787 '

222 2861 365 2938 toribus,
380 2882 462 2947 qnos
474 2860 684 2949 praemiserat,
705 2863 879 2967 cognoscit,
907 2875 1013 2929 castra
1035 2884 1159 2941 eorum,
1183 2873 1225 2943 ut
1247 2860 1321 2928 bar·

132 3024 139 3031 ¹
223 2946 463 3015 barorumiert
477 2946 687 3024 consuetudo,
703 2947 824 3013 relictis
840 2946 917 3012 locis
931 2947 1164 3035 superioribus,
1176 2947 1218 3011 ad
1231 2951 1252 3012 'r
1288 2972 1295 2981 ·

225 3032 365 3100 iluminis
406 3056 473 3097 esse
507 3031 663 3101 demissa:
700 3046 737 3098 at
767 3032 945 3099 Gennauos
980 3036 1168 3122 equitesque
1208 3034 1322 3123 inpru-

224 3118 380 3186 dentibus
399 3117 553 3184 omnibus
569 3119 610 3186 de
624 3118 786 3208 inproviso
812 3120 976 3187 advolasse
1002 3131 1036 3185 et
1060 3120 1211 3223 proeliunr
1237 3143 1322 3187 com·

192 3206 199 3231 ⁸
226 3205 358 3273 misisse.
392 3204 467 3281 Qua
488 3229 525 3271 re
543 3205 688 3294 cognita,
713 3205 869 3293 legionem
887 3219 1044 3273 armatam
1066 3220 1322 3295 rnstructamque

222 3292 373 3362 adducit.
419 3291 483 3369 Ita,
499 3305 631 3383 repente
646 3292 795 3361 omnibus
811 3316 852 3359 ex
868 3294 1015 3383 partibus
1030 3292 1121 3383 signo
1143 3292 1234 3371 dato,
1250 3294 1322 3361 loca

261 3508 394 3568 omer,
404 3508 483 3573 vrrlgo
493 3516 620 3559 secratur.
640 3506 681 3557 Ct.
693 3524 751 3573 cap.
837 3510 932 3575 Effugit
941 3510 1007 3560 iude.
1017 3508 1063 3561 slii
1075 3508 1197 3575 Protegit.

228 3572 273 3623 87.
289 3573 428 3637 prohibitu
444 3582 480 3625 eet
499 3576 598 3632 timore,
614 3578 753 3626 mamam
838 3576 894 3625 Non
911 3578 1032 3641 amplius,
1058 3576 1160 3641 quidam
1181 3590 1233 3625 reon
1251 3576 1325 3643 louge

226 3638 388 3687 &mors
453 3642 458 3652 ·
539 3638 753 3703 urguemur,
803 3644 921 3705 caplim.

229 3702 299 3775 quod
316 3702 393 3751 codd.
447 3702 517 3759 bent,
538 3711 606 3752 reete
627 3711 753 3754 mutarunt
836 3706 1076 3780 Mcqrurfeltcsaru.
1101 3704 1325 3774 Davianulevo·

154 3769 158 3777 ‘
229 3773 400 3829 unterprctes5
416 3768 580 3816 sednontam
593 3768 754 3829 inmoratur,
802 3767 873 3818 lebat
885 3764 1048 3833 ὁψὶιάιαιίε(

227 3829 753 3895 quaminermctatar‚seucomotm·,mu·
838 3834 1221 3898 aameu.omsaus.vulgo
1232 3851 1326 3887 cmm.

230 3892 280 3942 tari
291 3892 392 3952 debuit,
403 3902 432 3943 ut
441 3904 513 3945 acute
525 3896 589 3944 vidit
598 3897 666 3945 Oud.
678 3899 717 3947 M.
729 3906 755 3946 et
839 3900 873 3947 In
884 3903 952 3949 tru'na
961 3908 1052 3951 curba.
1065 3901 1148 3963 vulgo
1155 3903 1326 3953 iturarum.

231 3956 260 4007 iu
271 3956 332 4006 edit.
342 3958 484 4020 posoemore
494 3959 600 4024 recepit.
609 3977 709 4027 sequor.
725 3962 756 4011 ‘ri
804 3962 953 4013 Emensuvit
964 3964 1086 4015 Ciaccon.
1097 3982 1111 4014 e
1122 3966 1180 4013 cod.
1190 3964 1288 4017 Ursini.

231 4022 615 4142 williham
803 4030 945 4144 umPruJisu
955 4030 1031 4079 bouis
1047 4046 1139 4081 ascesa
1171 4028 1258 4095 Vulgo
1269 4032 1327 4081 iar-

409 4122 416 4136 .
620 4106 754 4159 mum,

234 4146 325 4205 insitis
335 4151 448 4207 sotumi
508 4164 576 4207 .vet.
841 4128 1021 4224 tltborb.fert.
1047 4158 1328 4227 Proferlaliismeu.
