2909 4809
247 311 287 383 ll)
544 307 607 377 DE
630 299 781 376 BELLO
804 300 1022 377 namon.

240 499 402 591 sanguinei
419 498 610 574 lllduorum,
625 482 785 565 Uasarem
805 499 975 565 certiorem
984 453 1128 575 iaciunt,
1141 518 1218 577 mss,
1232 501 1334 594 depo-

241 589 362 691 pulatis
380 608 399 652 a
440 588 477 663 is,
501 604 565 653 non
589 584 681 689 facile
703 585 747 650 ab
761 582 1125 738 ol‘fflulllliwum
1140 586 1334 742 prpgiibcrpot

239 674 412 836 htaelilebishlll
427 696 551 847 ilroggss’e
562 671 780 824 illuctalills'effi
794 756 955 859 recipiunt
968 770 1003 824 et
1015 694 1332 837 mmmmm

240 860 360 999 praeter
373 846 443 935 agri
461 846 564 912 solum
579 844 657 909 nihil
672 866 737 908 esse
752 844 879 932 rehqur.
925 844 1052 919 Quibus
1064 846 1161 912 rebus
1173 846 1333 915 adductus

270 956 360 1010 usar,
376 954 439 999 non
452 930 698 1020 exspectandum
712 929 773 995 sibi
787 932 914 1005 statuit,
925 931 1016 1007 dnm,
1030 933 1179 998 omnibus
1191 929 1332 1002 fortunis

237 1023 396 1089 sociorum
410 1018 594 1091 consumtis,
611 1016 642 1081 in
659 1017 818 1083 Santonos
834 1016 978 1086 Helvetii
1036 1020 1207 1085 rvenisent.

285 1108 334 1171 12.
359 1106 494 1171 Flumen
508 1114 555 1169 est
571 1104 668 1177 Arar,
692 1104 779 1203 quod
796 1102 946 1191 perfines
961 1042 1142 1171 ffiuomm
1155 1119 1190 1171 et
1206 1108 1331 1197 Sequa·

236 1214 352 1259 norum
375 1192 408 1257 in
424 1190 615 1256 Rhodanum
629 1188 735 1254 influit
754 1189 932 1255 incredibili
948 1191 1089 1267 lenitate,
1103 1193 1150 1257 ita
1163 1206 1202 1259 ut
1215 1195 1330 1271 oculis,

235 1280 269 1344 in
284 1290 390 1343 utram
406 1290 529 1366 partem
546 1276 637 1351 fluat,
654 1274 791 1363 judicari
805 1300 869 1342 non
884 1278 995 1365 possit.
1040 1276 1078 1343 ld
1094 1276 1239 1346 Helvetii
1252 1282 1330 1347 rati·

237 1366 298 1431 bus
319 1388 356 1431 ac
378 1364 530 1429 lintribus
555 1362 674 1451 junctis
696 1362 886 1429 transibant.
933 1364 1002 1431 Ubi
1026 1386 1086 1453 per
1107 1388 1146 1430 ex
1172 1366 1330 1435 locatores

236 1452 345 1518 Caesar
359 1452 478 1516 certior
493 1451 595 1515 factus
609 1458 668 1525 est,
689 1450 749 1514 tris
759 1450 825 1539 jam
845 1450 1013 1539 copiarum
1033 1463 1142 1540 partos
1193 1450 1329 1521 elvetios'

134 1606 138 1615 Ι
233 1538 268 1604 id
293 1538 410 1605 flumen
436 1536 660 1611 transduxisse,
683 1548 834 1624 quartam
854 1558 931 1603 vero
956 1551 1082 1627 partem
1104 1538 1187 1605 citra
1209 1540 1328 1609 damen

235 1624 366 1691 Ararim
381 1624 538 1713 reliquam
552 1642 631 1690 mse:
654 1623 695 1689 de
710 1623 806 1687 tertia
818 1623 1014 1711 vigiliacum
1027 1624 1207 1712 legionibus
1221 1628 1328 1694 tribus?

233 1710 377 1777 eoastris
392 1710 567 1799 profectus,
594 1710 635 1775 ad
661 1730 733 1775 eam
756 1722 880 1797 portem
907 1710 1066 1798 pervenit,
1092 1734 1166 1799 quse
1186 1713 1327 1781 nondam

234 1794 353 1864 damen
376 1796 556 1864 transierat.
601 1796 666 1863 Eos
690 1795 849 1899 inpeditos
871 1806 905 1897 et
925 1798 1124 1899 inopinantes
1145 1798 1324 1887 adgressus,

231 1906 381 1988 magnam
391 1906 503 1986 eorum
516 1894 641 1985 partem
652 1884 805 1984 concidit:
830 1884 947 1971 rebqur
960 1882 1046 1973 fugae
1057 1906 1122 1949 sose
1133 1886 1327 1953 innodarunt

230 1971 667 2161 titillfhhhtht
680 1967 1326 2159 hithhohhsshtlltlhlh

120 2182 123 2192 -
193 2193 199 2205 .
230 2142 332 2209 divisa
352 2156 410 2209 cst.
457 2144 522 2208 Hic
548 2166 651 2233 pagus
677 2166 771 2219 unus,
799 2167 902 2231 quum
922 2144 1019 2209 domo
1040 2158 1167 2221 exisset,
1194 2160 1324 2235 patrum

230 2242 415 2297 nostrorum
441 2231 593 2295 memoria
623 2229 661 2293 L.
688 2228 834 2295 Cassium
862 2229 1035 2295 Consulem
1063 2232 1267 2297 interiecerat
1290 2246 1326 2299 et

228 2316 297 2419 ejas
311 2316 485 2381 exercitum
505 2316 567 2381 sub
583 2318 620 2405 ju
645 2338 700 2380 urn
715 2314 855 2381 miserat.
900 2316 962 2393 lta,
982 2318 1049 2383 sire
1063 2339 1150 2394 casu,
1170 2318 1237 2384 sive
1251 2340 1325 2386 con-

227 2402 300 2469 stlio
324 2402 469 2469 Deorum
493 2338 723 2477 inmortalium,
771 2425 821 2468 uae
843 2426 918 2492 pam
939 2405 1078 2469 civitatis
1104 2402 1264 2471 Helvetia
1278 2406 1325 2473 in-

228 2489 349 2578 signem
370 2490 584 2555 colomitatem
610 2488 740 2590 Populo
747 2427 911 2556 <lloumno
931 2490 1098 2566 intulerat,
1119 2516 1159 2556 ea
1173 2493 1324 2592 princeps

188 2635 190 2644 ,
229 2597 339 2665 poenas
354 2576 520 2665 persolvit.
567 2575 688 2651 Quam
703 2600 738 2641 re
754 2577 863 2641 Cmsar
877 2600 940 2642 non
962 2577 1067 2642 solum
1089 2578 1248 2667 publicas,
1269 2578 1324 2647 sad

227 2664 323 2731 etiam
338 2664 480 2752 privatas
495 2662 626 2752 injurias
646 2662 810 2739 uitasset,
832 2664 922 2753 quod
934 2666 1003 2752 ejus
1022 2665 1123 2730 soceri
1145 2662 1184 2729 L.
1200 2664 1324 2733 Pisonis
1419 2675 1421 2679 ’

228 2838 394 2901 dicunturque
406 2836 481 2886 AEaui
495 2834 617 2895 Ambarri,
634 2841 662 2884 ut
674 2833 751 2885 Locri
833 2836 933 2886 Immo.
958 2838 1063 2887 amase.
1111 2839 1193 2887 Storna
1219 2841 1323 2889 similest

229 2897 335 2965 Opuntii
346 2912 372 2948 et
383 2900 477 2961 Ozolia,
496 2900 532 2949 ita
544 2909 572 2947 ut
584 2898 607 2945 0
627 2898 690 2947 untii
701 2898 752 2948 sint
799 2896 875 2951 Silius
885 2898 948 2949 dicit
959 2906 983 2958 ³,
993 2902 1052 2950 457.
1062 2898 1106 2950 slii
1114 2904 1218 2953 leobae.

230 2962 551 3030 parsLoarensiscivitatis.
573 2914 750 3027 Mihiquidem
797 3024 801 3031 Ι
833 2968 957 3021 Quorsus·
965 2982 1030 3015 om.
1063 2967 1173 3029 Alscrs.

227 3046 287 3083 enm
313 3028 448 3079 Oiacconio
476 3028 573 3077 videtur
601 3026 749 3095 legendum:
832 3030 1105 3093 Adpressas—oostddt't.
1131 3026 1320 3097 NonipseCm-

228 3093 321 3147 Eodem
335 3104 439 3159 tempore
453 3094 575 3152 suturis,
590 3094 750 3142 memmii-
797 3110 837 3143 sar
848 3094 918 3153 lecit,
933 3096 977 3143 sed
996 3110 1039 3158 per
1049 3092 1189 3145 Labienum
1203 3098 1322 3161 legatam,

227 3182 260 3195 -·
270 3160 361 3211 ceteris
377 3158 493 3209 omnibus
509 3157 619 3217 omissis,
634 3156 695 3221 quia
712 3156 748 3207 sic
798 3166 826 3207 ut
835 3158 925 3207 diserte
937 3158 1143 3209 traditl’lnurch.
1154 3160 1253 3212 ineas.
1264 3172 1321 3229 esp.

226 3233 264 3275 est
280 3224 305 3275 in
322 3223 474 3289 metaphrasi
483 3224 579 3273 Graeca.
612 3222 683 3270 Hanc
697 3220 749 3271 lec·
800 3224 839 3272 la.
857 3223 894 3271 ns.
926 3222 1039 3289 Triginta
1054 3224 1134 3274 millia
1150 3228 1322 3293 caessl’olym·

227 3290 321 3340 tionem
337 3290 402 3341 alius
421 3290 494 3339 aliter
513 3286 640 3353 explicare
659 3286 748 3349 voluit,
797 3303 844 3337 nus
854 3286 941 3340 scribit
952 3294 976 3348 8,
994 3294 1034 3339 98.
1050 3298 1161 3341 ceterum
1179 3306 1224 3356 pro
1237 3294 1320 3345 Amo

225 3354 361 3408 Ambarros
376 3370 476 3419 quoque
492 3369 546 3403 esse
565 3352 670 3411 AEduos,
688 3352 749 3400 Am·
799 3352 951 3403 Rhodanum
973 3352 1053 3417 ponit.
1093 3352 1132 3405 De
1157 3354 1272 3407 [abieno
1295 3372 1322 3407 s.

226 3415 312 3469 basros
322 3436 375 3468 esse
387 3420 497 3472 diversos
506 3418 539 3468 ab
552 3416 649 3475 AEduis‚
657 3418 748 3466 ambos
796 3419 926 3483 Appianas
936 3420 954 3468 l.
964 3434 1022 3467 mon
1034 3418 1078 3469 cit.

225 3484 433 3547 eodamtempore
442 3482 748 3549 legatosmisissmequi·
838 3484 932 3548 Papus.
975 3484 1063 3533 Paullo
1084 3492 1143 3533 ante
1168 3482 1321 3551 disinpsss

111 3544 120 3565 ¹
225 3546 274 3599 bus
289 3548 498 3613 explicationibus
513 3548 643 3597 varietates
664 3546 748 3609 plures
798 3548 979 3598 naseam:
1005 3549 1080 3613 paulo
1099 3554 1164 3613 post,
1178 3566 1241 3613 pars
1261 3554 1319 3601 aiot·

154 3617 157 3627 ⁴
223 3622 302 3663 enatae
312 3622 376 3663 sunt.
408 3612 481 3671 inira,
496 3628 520 3661 e.
535 3614 571 3659 ll.
587 3610 703 3661 Ambarri
713 3612 747 3661 ab
795 3614 851 3662 tatis
868 3613 992 3663 Heleetr'ae.
1025 3612 1109 3663 Facile
1126 3630 1194 3677 ergo,
1210 3614 1271 3679 quid
1286 3616 1321 3665 sit

226 3678 314 3741 AEduis
332 3678 367 3729 its
387 3678 577 3741 distinguuntur,
599 3683 626 3725 ut
643 3692 692 3727 non
709 3676 747 3725 vi·
846 3694 883 3736 us,
907 3676 947 3727 his
968 3678 1140 3743 comparandis
1161 3678 1319 3745 intelligitur.

223 3745 326 3795 ἀαιιιωι
351 3760 406 3795 esse
467 3758 490 3793 rs
517 3738 624 3790 civitatis
647 3740 746 3791 AEduae.
830 3744 923 3791 .c.8⁴{.
941 3742 979 3792 Μ.
1306 3788 1310 3793 .

224 3808 292 3861 ldarn
304 3808 449 3875 intelligitur
465 3823 480 3857 c
494 3806 551 3855 loco
562 3804 628 3855 Livii
645 3808 681 3867 (5,
693 3808 747 3867 34.)
829 3807 949 3856 Cassium.
967 3806 1000 3857 ci.
1011 3824 1035 3857 c.
1045 3810 1070 3857 t.
1096 3808 1165 3867 ,nec
1194 3807 1259 3875 ipsis
1277 3808 1319 3861 bis

222 3872 267 3922 ubi
288 3874 406 3939 deinceps
422 3880 593 3923 enumerantur
611 3868 747 3935 Bituriges,
793 3870 876 3920 verbis
892 3874 1007 3936 leguntur
1023 3872 1192 3937 inhppianii
1258 3884 1317 3925 ento

223 3940 335 3999 mesni,
362 3942 481 3999 Senones,
509 3936 595 3996 AEdui,
621 3935 745 3995 Ambarri,
793 3936 1211 4011 debellisGallicis,pag.755.cd.
1237 3948 1261 3988 te
1280 3942 1318 4000 h.,

222 4002 550 4067 Carnutessapertumenim
558 4000 746 4051 esthmbarms
792 4001 868 4049 ducta
892 4017 925 4051 ex
950 4002 1050 4053 caudis
1081 4001 1153 4051 Pauli
1178 4004 1259 4053 annali
1295 4022 1317 4055 s.

222 4084 277 4117 esse
288 4067 425 4129 civitatem,
439 4066 554 4119 aceteris
569 4066 700 4125 diversam,
717 4074 745 4115 nt
793 4066 831 4113 M.
851 4064 883 4113 V.
900 4074 952 4115 not.
972 4068 1005 4116 ad
1023 4066 1105 4115 Taciti
1124 4068 1208 4117 Germ.
1231 4072 1272 4117 at.
1294 4068 1316 4119 is

223 4132 333 4193 Arverni,
350 4132 477 4193 Carnutes,
492 4131 586 4195 aliique
604 4130 744 4194 peculiares
792 4129 848 4179 scil.
864 4130 999 4179 Germanos
1019 4130 1095 4180 caedis
1115 4141 1230 4191 suctores
1245 4133 1314 4194 iacit,

270 4198 535 4248 tesGallicaeiuerunt.
551 4198 589 4246 nl.
623 4196 652 4242 Ti
665 4194 745 4244 AEdm'
791 4194 839 4244 sub
856 4194 887 4243 iis
903 4196 989 4245 Gallds
1012 4196 1167 4260 complexus.
1204 4198 1242 4249 Es
1263 4199 1315 4249 cla·

221 4212 417 4313 hillestnihili.
432 4276 556 4327 expungo.
573 4260 604 4309 do
617 4260 743 4311 Arabos-sis
790 4260 884 4333 desad
902 4276 927 4311 a.
945 4260 978 4311 U.
993 4258 1025 4311 Ο.
1042 4262 1100 4311 646.
1123 4258 1237 4329 pertinet.
1273 4262 1315 4315 Gi.

221 4327 278 4377 side
291 4326 340 4378 ind.
352 4328 494 4394 Geograpb.
792 4324 906 4389 Pighius.

223 4454 229 4467 ι
248 4392 290 4507 tllu
310 4396 438 4450 smmum.
475 4390 515 4445 Al.
536 4392 663 4445 amoses.
686 4406 742 4458 per·
825 4390 955 4507 {patrib
973 4392 1077 4447 Pissttis.
1094 4389 1322 4456 sabactaninl,

223 4470 247 4510 tn
264 4464 335 4509 esst.
790 4470 815 4505 c.
858 4489 867 4515 ‚
913 4491 920 4507 .
