2909 4809
421 256 508 329 us.
531 256 592 327 1v.
617 210 742 329 ⁴ctus
764 260 919 358 sr-se.
1075 270 1118 282 ·=
1172 267 1214 341 n
1292 215 1305 237 ‘

114 442 229 533 pausia
242 442 431 521 interfectis,
446 446 588 537 reliquos
600 446 730 513 incertis
743 445 909 513 ordinibus
922 448 1213 535 perturbaverant:

112 529 209 596 simul
222 531 373 617 equitatu
387 545 486 621 atque
499 534 614 601 essedis
627 532 917 599 circumdederant.
1086 596 1090 605 .

158 617 213 682 33.
240 629 264 658 “
282 619 393 683 Genus
414 619 474 685 hoc
495 634 543 687 est
566 644 606 687 ex
625 620 742 687 essedis
759 643 890 709 pugnes:
915 620 1020 709 primo
1033 644 1093 709 per
1107 644 1215 688 omnes

107 714 138 767 ,“
157 716 266 792 partes
290 706 498 793 perequitant
523 720 557 775 et
583 706 647 773 tela
672 706 844 796 conjiciunt
872 720 972 795 atque
994 707 1064 795 ipso
1087 699 1226 775 terrore

116 801 314 879 “equorum
338 804 371 855 et
392 793 531 881 strepitu
556 806 702 859 rotarum
723 792 852 859 ordines
872 793 1065 883 plerumque
1084 807 1215 893 pertur-

115 878 235 957 “bant
258 891 303 953 et,
327 902 427 965 quum
448 905 480 945 se
503 880 588 946 iuter
604 881 754 968 equitum,
764 892 886 945 turmas
900 880 1142 959 insinuaverrnt,
1169 880 1225 947 ex'

114 975 138 1003 “
156 964 274 1029 essedis
293 964 445 1031 desiliunt
471 978 504 1031 et
525 966 661 1055 pedibus
682 966 892 1055 proeliantur:
932 966 1066 1056 Aurigae
1085 963 1225 1034 interim'

115 1062 138 1091 ‘⁴
157 1051 328 1138 paullatim
350 1076 389 1117 ex
404 1052 519 1140 proelio
544 1052 702 1119 excedunt
713 1056 822 1141 'atque
837 1053 884 1120 ita
905 1076 1020 1119 currus
1034 1053 1225 1129 conlocant‚'

115 1147 139 1177 “
157 1150 207 1214 ut,
229 1140 257 1203 si
271 1138 352 1209 illia
367 1138 575 1205 multitudine
589 1139 726 1205 hostium
768 1154 944 1216 remantur,
971 1140 1157 1229 expeditum
1172 1140 1216 1207 ad

115 1235 139 1264 “
154 1248 228 1289 suos
242 1236 410 1313 receptum
423 1224 573 1292 habeant.
619 1224 671 1291 lta
687 1164 899 1293 mobilitatem
920 1227 1078 1315 equiturn,
1094 1225 1216 1293 stabili-

115 1321 258 1375 “tatem
288 1308 445 1399 peditum,
472 1312 504 1378 in
527 1312 648 1401 proeliis
671 1325 826 1401 pratant
847 1338 885 1378 ac
907 1326 1035 1379 tantum
1057 1336 1114 1379 usu
1137 1337 1218 1414 quo-

115 1408 139 1437 “
156 1396 280 1463 tidiauo
294 1410 327 1463 et
343 1398 571 1464 exercitatione
587 1398 743 1474 efficiunt,
763 1400 813 1463 nti
829 1399 861 1464 in
875 1400 992 1465 declivi
1005 1424 1042 1466 ac
1057 1400 1227 1489 praecipitil

116 1493 139 1522 “
156 1484 226 1549 loeo
248 1483 395 1549 incitatos
418 1509 516 1573 equos
530 1485 686 1550 sustinere
705 1499 739 1550 et
755 1486 847 1551 brevi
861 1487 1019 1552 moderari
1033 1486 1217 1552 ac'flectere

114 1581 138 1610 “
154 1584 189 1635 et
204 1593 264 1657 per
278 1583 436 1636 temonem
451 1595 641 1657 percurrere
657 1572 737 1657 etin
748 1572 830 1659 jugo
842 1573 986 1639 insistere
1001 1586 1034 1638 et
1048 1572 1122 1640 inde
1136 1598 1169 1638 se
1184 1574 1217 1639 in

116 1669 139 1697 ‘⁶
156 1680 271 1721 currus
284 1656 431 1721 citissime
447 1656 589 1745 recipere
604 1656 817 1722 consuerint.”
944 1720 949 1730 ,
1078 1699 1081 1704 ·

158 1745 212 1809 34.
246 1742 371 1819 Quibus
397 1743 506 1817 rebus,
538 1742 737 1832 perturbatis
767 1746 882 1832 nostris
912 1744 1056 1809 novitate
1085 1766 1216 1833 pugnae,

116 1842 264 1917 tempore
287 1828 555 1917 obportuuissimo
577 1829 684 1895 Cfflar
707 1828 864 1893 auxilium
880 1827 969 1893 tulit:
994 1852 1130 1917 namque
1148 1832 1223 1919 ejus

114 1914 260 1982 adventu
275 1913 380 1981 hostes
394 1915 619 1990 constiterunt,
642 1914 744 1981 nostri
765 1939 799 1979 se
821 1915 991 1979 extimare
1009 1921 1217 2003 receperunt.

119 2003 192 2078 Quo
217 2002 317 2077 facto,
344 2002 386 2069 ad
413 2000 629 2068 lacessendum
655 2014 688 2065 et
716 2000 758 2065 ad
780 1998 1043 2067 committendum
1065 2002 1218 2090 proelium

113 2088 257 2157 alienum
270 2110 335 2153 esse
347 2104 473 2177 tempus
487 2086 675 2173 arbitratus,
690 2111 749 2153 suo
763 2110 796 2151 se
810 2088 880 2152 loco
893 2086 1050 2154 continuit
1062 2101 1108 2164 et,
1123 2090 1217 2155 brevi

114 2190 261 2263 tempore
288 2174 476 2250 intermisse,
503 2176 534 2239 in
563 2186 668 2239 castra
689 2172 831 2273 legiones
851 2173 992 2239 reduxit.
1039 2175 1127 2239 Dum
1149 2174 1221 2241 brec

138 2274 288 2335 arentur,
303 2262 418 2327 nostris
431 2261 576 2327 omuibus
586 2271 762 2349 occupatu,
777 2260 936 2348 quierant
947 2261 1009 2325 ina
1051 2260 1216 2350 isreliqui‚

74 2344 96 2391 ⁸
112 2286 337 2415 discesserunt.
384 2348 510 2415 Secutae
531 2360 606 2413 suut
625 2348 792 2413 continuos
806 2347 985 2435 complures
999 2283 1066 2411 <bles
1081 2360 1216 2436 tempes-

60 2444 65 2453 '
115 2449 212 2510 tates,
227 2458 301 2521 quae
316 2446 350 2499 et
364 2448 488 2499 nostros
503 2434 535 2499 in
549 2433 660 2499 castris
673 2433 876 2499 continerent
890 2446 923 2499 et
937 2432 1060 2498 hostem
1074 2456 1094 2498 a
1107 2457 1218 2522 pugna

115 2520 336 2611 prohiberent.
382 2520 517 2587 Interim
531 2520 664 2587 barbari
681 2519 813 2585 nuncios
833 2520 866 2585 in
880 2543 988 2585 omnes
1002 2532 1113 2607 partes
1126 2520 1217 2585 dimi·

113 2622 228 2675 serunt
241 2608 437 2696 paucitatem
463 2632 503 2672 ue
516 2618 697 2671 nostrormn
718 2606 857 2671 militum
876 2606 945 2671 suis.
959 2604 1216 2693 praedicaverunt

86 2750 89 2763 ,
114 2708 161 2769 et,
209 2708 308 2765 uanta
321 2632 604 2782 p1·aedaelacieudae
617 2704 717 2779 atque
732 2692 765 2757 in
778 2704 975 2779 perpetuum
989 2691 1038 2755 sui
1054 2691 1217 2769 ¹liberandi

115 2719 256 2847 facultas
274 2782 420 2855 daretur,
442 2780 467 2845 si
490 2780 650 2845 Romanos
664 2778 776 2843 castris
790 2777 998 2865 expulissent,
1020 2775 1218 2843 demonstra·

117 2880 249 2933 verunt.
296 2866 357 2932 His
381 2868 478 2932 rebus
496 2864 656 2932 celeriter.
680 2887 797 2953 magna
817 2863 1026 2930 multitudine
1050 2863 1216 2951 peditatus

113 2956 346 3042 equitatusque
359 2964 485 3028 coacta,
499 2951 541 3017 ad
555 2964 659 3017 castra
673 2962 843 3017 venerunt.
1133 3007 1135 3012 .

159 3042 216 3105 35.
241 3041 361 3115 Cesar,
383 3039 442 3105 etsi
462 3038 558 3113 idem,
581 3030 668 3125 quod
682 3037 901 3125 superioribus
914 3037 1027 3103 diebus
1041 3037 1215 3113 acciderat,

114 3128 186 3193 fore
200 3126 346 3202 videbat,
368 3138 418 3199 ut,
440 3124 466 3189 si
486 3136 588 3191 essent
608 3123 714 3189 hostes
736 3124 833 3225 pulsi,
854 3123 1019 3189 celeritate
1033 3124 1231 3211 periculum

114 3214 315 3303 effugerent;
339 3226 445 3279 tamen
459 3224 569 3279 nactus
583 3211 706 3299 equites
720 3211 848 3277 circiter
862 3209 1010 3298 triginta,
1025 3231 1106 3297 quos
1118 3208 1215 3275 Com·

151 3430 245 3478 rouen
255 3428 396 3492 Mortis.
426 3426 519 3480 Ccutra
535 3442 559 3475 v.
577 3424 641 3475 Dio·
686 3427 738 3539 κῆν)
747 3433 774 3475 et
784 3422 889 3473 stabiles
898 3423 961 3483 (uno
973 3423 1211 3488 inlocopngnent).

114 3507 173 3542 nem
185 3496 277 3551 tvm.
718 3524 724 3536 .
964 3509 966 3512 ·

152 3558 303 3607 Eceuedr'r.
334 3557 430 3606 Emeda
448 3556 473 3605 in
494 3554 584 3617 Belgio
601 3552 640 3602 in·
722 3554 762 3602 Ad
771 3552 954 3605 moerendum.
985 3550 1152 3601 Recentiores
1168 3553 1212 3603 ad·

117 3632 191 3671 venta
212 3621 288 3671 tradit
308 3622 412 3670 Servius
430 3622 463 3669 ad
483 3620 556 3683 Virg.
571 3618 602 3666 G.
614 3622 638 3677 8,
686 3618 773 3666 didere
794 3620 887 3666 batert
904 3623 991 3665 contra
1008 3616 1212 3680 codd..optimoa

118 3690 174 3736 sot.
215 3686 357 3735 Jornandes
382 3689 415 3735 de
437 3684 511 3733 rebus
533 3680 638 3742 Geticis,
686 3692 712 3731 et
727 3684 784 3731 edd.
795 3688 846 3730 vet·
880 3681 929 3730 Sed
943 3697 975 3730 eo
993 3695 1045 3729 nou
1060 3697 1077 3729 ο
1096 3696 1135 3728 aa.
1166 3681 1228 3730 Ct'

115 3766 139 3799 c.
150 3756 174 3799 9.
192 3750 361 3801 Britannicam
373 3766 461 3799 vocem
472 3747 544 3798 dicit.
687 3748 743 3797 Liv.
756 3753 797 3805 35,
813 3748 837 3795 t.
867 3743 937 3820 virg.
953 3752 977 3807 ⁵,
993 3749 1051 3794 499.
1077 3696 1099 3795 l

150 3818 301 3867 Paruum.
334 3816 374 3864 Sic
388 3816 461 3865 codd.
475 3824 500 3863 et
515 3813 575 3862 edit.
586 3820 639 3863 vet.
687 3814 745 3862 720.
757 3815 781 3870 ³,
793 3809 1047 3860 ⁵53.ub1vid.0ud.

115 3878 201 3944 vulgo
209 3883 338 3943 paullum.
722 3879 972 3937 Qntermenaprn
980 3876 1080 3937 reliquo.
1112 3874 1175 3924 Sunt
1189 3874 1208 3923 ii
1292 3881 1294 3885 “

151 3948 290 3995 tumre!
313 3946 364 3993 Pro
383 3941 423 3991 his
441 3944 492 4007 leg.
511 3956 601 3991 cut-nn
623 3956 637 3989 e
685 3940 810 3999 Britanni,
820 3940 853 3987 de
863 3939 958 4003 quibus
968 3956 991 3987 c.
1000 3943 1040 3986 39.
1051 3937 1157 3988 dixerat·
1172 3940 1210 3989 Μ.
1263 3933 1266 3959 ¹

116 4010 190 4059 codd.
200 4019 227 4058 et
237 4008 408 4073 metaphr.Gr.
431 4009 487 4072 lpse
499 4023 548 4066 res,
558 4005 636 4055 etism
722 4008 786 4055 Cirr.
796 4008 908 4069 otperto.
925 4002 1018 4053 Mirum
1028 4003 1087 4061 boe.
1096 4018 1142 4053 nec
1153 4003 1210 4053 sine

117 4076 169 4123 sine
179 4073 449 4134 codicibus,declarat.
462 4075 498 4121 M.
517 4070 638 4120 Restitui.
686 4071 814 4133 exemplo·
845 4069 885 4118 Cf.
909 4068 1010 4122 uun.
1029 4084 1052 4115 c·
1068 4071 1092 4117 6.
1124 4070 1209 4118 Hoto-

116 4139 182 4188 Oud.
211 4141 323 4189 malebat
348 4154 426 4187 curru
451 4152 477 4186 re
503 4138 637 4186 maneant.
686 4149 792 4184 mannus
809 4149 870 4197 ergo
888 4146 937 4181 uon
951 4132 1100 4188 andiendus.
1114 4132 1159 4197 qni
1175 4148 1208 4183 ex
1275 4141 1280 4152 '

98 4204 432 4269 uulgouaocoatocanr.
554 4208 561 4225 '
686 4200 789 4265 iugenio
802 4200 868 4251 CCC
876 4198 993 4265 ponebat·
1020 4198 1210 4250 Gracunmbet

149 4270 277 4321 Proertm
293 4278 320 4319 et
331 4264 453 4327 efficiunt,
467 4275 496 4315 nt
514 4266 564 4316 sint
581 4280 637 4315 mo·
684 4266 811 4333 egedam.

113 4332 181 4384 biles
196 4334 286 4399 (variis
296 4336 322 4385 in
333 4332 400 4383 locis
412 4341 531 4398 pugnent,
545 4345 636 4396 vagen-

1099 3759 1173 3794 ucan.
1185 3749 1211 3805 4,

1157 4374 1162 4384 x

1149 4449 1152 4458 ι
