2909 4809
457 340 544 416 tra.
569 348 596 413 r.
642 286 908 415 enarrare
1185 342 1222 419 ιι

130 536 242 613 atum,
259 533 297 603 L.
313 534 628 627 Pisonemlegatrrm,
642 536 793 627 Tigurini
804 538 915 604 eodem
926 524 1055 627 ptoelle,
1068 550 1135 627 quo
1147 538 1224 603 Otr·

129 624 227 700 sium,
242 624 477 691 interfecerant.

38 716 40 728 ⁴
178 712 229 776 13.
248 710 322 778 Hoc
337 712 453 803 proelio
468 712 565 788 facto,
580 714 720 802 reliquas
734 711 842 816 copies
858 710 1084 779 Helvetiorum
1098 725 1136 777 ut
1150 724 1224 778 cona
1294 786 1297 790 y

130 798 221 887 sequi
250 810 368 887 posset,
396 812 527 887 pontem
555 800 588 865 in
616 800 712 865 Arari
733 798 917 864 sacrundum
940 810 1033 864 curat
1055 811 1153 887 atque
1177 800 1224 864 lta

131 885 309 951 exercitum
324 886 510 951 transducit.
557 884 712 961 Helvetii,
724 886 893 990 repentino
905 887 972 973 ejus
986 887 1124 951 adventu
1139 904 1223 950 eom:

131 972 225 1046 noti,
238 991 340 1061 quum
352 970 395 1046 id,
411 973 499 1063 qnod
513 972 574 1060 ipsi
586 973 698 1037 diebus
709 972 825 1061 viginti
836 974 1001 1059 aegerrime
1011 973 1225 1047 confecerant,

132 1068 169 1121 nt
198 1056 318 1123 flumen
347 1060 530 1133 transirent,
561 1082 625 1125 uno
655 1060 748 1125 illurn
775 1059 828 1123 die
853 1059 961 1124 fecisse
989 1058 1224 1147 intellegerent,

131 1142 255 1243 legatos
280 1144 321 1209 ad
347 1168 421 1211 eum
445 1148 596 1211 mittunt:
629 1146 719 1211 cu'us
744 1146 914 1232 legationis
936 1146 1053 1211 Divico
1074 1147 1226 1235 priuoeps

131 1230 205 1307 furt,
222 1233 280 1321 qui
293 1230 379 1297 bello
392 1230 542 1298 Cassiano
561 1234 627 1298 dux
678 1234 867 1298 elvetiorum
883 1232 1000 1298 fuerat.
1046 1230 1077 1296 Is
1091 1232 1137 1296 ita
1151 1238 1225 1297 curti

134 1314 261 1384 Caesare
282 1319 366 1408 agit:
392 1320 465 1384 “Si
489 1342 601 1409 pacem
625 1318 771 1408 Populus
792 1320 956 1385 Romanus
975 1340 1047 1384 cnm
1066 1318 1225 1384 Helvetiis

134 1410 156 1443 “
171 1406 303 1481 faceret,
327 1406 360 1471 in
380 1430 450 1471 eam
465 1420 591 1497 partem
605 1406 708 1473 ituros
722 1420 822 1495 atque
841 1406 886 1471 ibi
901 1406 1029 1472 futuros
1045 1404 1225 1481 Helvetios,-

134 1495 156 1529 “
172 1490 230 1556 nbi
250 1516 305 1558 eos
326 1492 434 1557 Oaesar
447 1492 664 1559 constituisset
683 1506 783 1581 atque
802 1516 867 1556 esse
881 1494 1049 1558 voluisset:
1072 1498 1121 1557 sin
1136 1492 1225 1558 bello
1294 1496 1299 1507 '

135 1588 156 1617 “
196 1602 264 1644 erse
290 1578 323 1644 ui
363 1590 569 1655 erseveraret,
585 1581 841 1646 reminisceretur
854 1591 888 1644 et
902 1580 1020 1644 veteris
1033 1579 1225 1645 incommodi

134 1669 156 1704 ⁴‘
172 1600 294 1755 l'opdlr
351 1668 455 1732 omani
478 1680 511 1732 et
532 1668 675 1755 pristinae
693 1667 824 1733 virtutis
845 1664 1082 1732 Helvetiorum.
1128 1664 1226 1741 Quod

133 1752 337 1842 “inproviso
357 1776 456 1818 unum
472 1778 593 1855 pagum
617 1754 750 1819 adortus
763 1761 855 1827 esset,
871 1765 973 1841 quum
986 1752 1020 1828 ii,
1059 1752 1094 1817 ui
1109 1752 1226 1817 flumen

134 1848 156 1879 “
171 1840 368 1917 transissent,
382 1842 446 1905 suis
457 1842 612 1907 auxilium
626 1840 710 1907 terre
726 1861 789 1906 non
805 1834 945 1929 pos'sent,
965 1862 1005 1904 ue
1019 1776 1063 1904 ob
1073 1854 1143 1903 eam
1158 1851 1227 1903 rem

134 1933 156 1966 “
171 1938 230 1991 aut
245 1948 309 1992 suae
321 1950 437 2017 magno
449 1950 546 2019 opere
561 1928 677 1993 virtuti
692 1924 853 1993 tribueret
867 1938 925 1990 aut
936 1926 1022 2015 ipsos
1031 1925 1225 2013 despiceretr

134 2017 156 2053 ‘⁸
171 2034 204 2079 se
219 2014 265 2078 ita
280 2034 299 2078 a
316 2014 465 2103 patribus
482 2016 721 2105 majoribusque
737 2014 803 2078 suis
816 2013 974 2088 didicisse,
993 2026 1033 2077 ut
1047 2013 1149 2101 magis
1162 2012 1227 2076 vir·

134 2108 157 2141 ⁴‘
173 2110 256 2177 tute,
269 2124 366 2189 quani
377 2099 453 2167 dolo
465 2102 691 2167 contenderent
703 2112 761 2164 aut
772 2098 892 2164 insidiis
902 2099 1093 2164 niterentur.
1118 2100 1229 2174 Quare
1308 2164 1311 2170 ,

134 2196 157 2229 “
171 2208 211 2252 ne
226 2186 453 2263 committeret,
469 2201 507 2253 ut
522 2189 547 2253 is
561 2188 663 2263 locus,
680 2185 738 2251 ubi
753 2186 979 2261 constitissent,
993 2208 1033 2250 err
1047 2184 1228 2250 calamitate

134 2278 156 2359 ‘f'
175 2274 294 2363 Populi
316 2273 454 2340 Romani
480 2288 513 2340 et
536 2273 752 2340 internecione
773 2272 931 2337 exercitus
957 2290 1071 2337 nornen
1097 2278 1229 2361 caperet

134 2367 156 2403 ‘⁸
171 2371 230 2427 aut
244 2361 429 2427 memoriam
445 2361 629 2463 proderet.”

150 2476 153 2489 ·
179 2448 229 2513 14.
256 2447 317 2514 His
333 2448 440 2513 Caessr
455 2460 501 2512 rta
516 2444 695 2535 respondit:
720 2453 745 2487 “
757 2442 807 2510 Eo
821 2444 883 2509 sibi
897 2444 1002 2510 minus
1016 2443 1229 2511 dubitationis

135 2537 157 2575 “
172 2534 254 2611 dari,
278 2534 367 2637 quod
384 2557 435 2599 eas
450 2558 512 2610 res,
536 2556 615 2623 quas
635 2530 734 2621 legati
752 2531 895 2596 Helvetii
918 2544 1231 2606 conunemorassent,

134 2628 155 2663 ‘⁴
172 2642 325 2688 memoria
339 2628 477 2686 teneret:
501 2634 599 2723 atque
613 2642 651 2685 eo
664 2618 794 2708 gravius
806 2617 902 2693 ferre,
915 2642 981 2705 quo
996 2618 1100 2682 minus
1111 2618 1228 2683 merito

133 2717 156 2750 “
174 2705 294 2797 Populi
307 2706 444 2773 Romani
454 2708 652 2773 accidissent:
677 2704 736 2793 qni
749 2702 776 2768 ri
790 2704 925 2793 alicujus
939 2703 1063 2793 injuriae
1073 2702 1136 2768 sibi
1148 2726 1230 2769 oon·

134 2803 156 2837 ‘⁸
171 2796 254 2861 scius
275 2796 397 2870 fui-er,
418 2816 481 2861 non
502 2794 596 2859 fuisse
616 2792 745 2858 difficile
764 2812 892 2865 canere;
917 2790 972 2855 sed
985 2812 1024 2855 eo
1036 2790 1227 2879 deceptum,

133 2890 156 2923 “
173 2882 262 2971 qnod
284 2904 388 2970 neque
411 2881 611 2947 commissum
635 2900 703 2944 aas
723 2878 936 2967 intellegeret,
958 2898 1058 2965 quare
1081 2878 1226 2954 timerete

134 2957 156 3012 ‘3
172 2992 277 3058 neque
291 2970 357 3034 sine
371 2990 479 3033 caussa
495 2967 672 3033 timendum
684 2976 826 3055 putaret.
873 2964 1008 3040 Quodsi
1023 2965 1141 3029 veteris
1151 2978 1227 3031 cou-

133 3066 155 3099 “
171 3054 313 3123 tumeliae
328 3054 474 3120 oblivisci
489 3054 602 3128 vellet:
625 3076 701 3119 num
716 3052 812 3117 etiarn
827 3051 1002 3115 recentium
1022 3051 1225 3138 injuriarum,

133 3153 155 3186 ‘⁸
171 3142 261 3233 quod
284 3166 322 3208 eo
344 3140 446 3207 invito
473 3145 535 3207 iter
556 3163 615 3231 per
640 3138 843 3206 Provinciam
902 3160 925 3201 ,r
951 3137 1017 3202 vim
1040 3149 1226 3215 tentassent,

133 3240 155 3275 ‘¹
171 3228 260 3319 quod
277 3228 410 3304 AEduoa
427 3226 515 3317 quod
531 3226 719 3301 Ambarros,
735 3226 823 3314 quod
839 3226 868 3289 A
885 3224 1035 3311 lobrogas
1050 3236 1226 3301 vexassent,

134 3314 357 3382 “memoriam
380 3316 539 3404 deponere
563 3320 673 3403 posse?
711 3312 808 3389 Quod
827 3336 884 3376 sua
898 3310 1034 3376 victoria
1055 3320 1124 3376 tem
1143 3310 1226 3379 im

133 3406 155 3447 ὅ(
170 3402 275 3469 lenter
302 3402 530 3491 gloriarentur,
557 3400 645 3489 quod
669 3424 708 3465 ue
736 3412 802 3464 tam
827 3398 883 3463 diu
910 3421 944 3463 se
970 3396 1090 3485 inpune
1116 3397 1227 3463 tulisse

134 3488 304 3577 “injurias
331 3488 619 3563 admirarentur-,e
662 3510 711 3551 em
739 3484 915 3574 pertinere:
950 3505 1113 3549 consuesse
1139 3484 1229 3551 enim·

134 3578 262 3645 “Deos
284 3574 491 3651 immortales,
515 3596 581 3663 qno
603 3574 733 3662 gravius
755 3572 896 3637 homines
913 3593 954 3635 ex
975 3571 1228 3636 commutatione

146 3730 189 3777 Ἀ
211 3724 354 3791 'atinam
703 3721 733 3772 C.
746 3722 780 3771 ll.
795 3724 957 3773 salamiam
978 3721 1019 3769 vel
1038 3721 1224 3770 tamamodm

172 3794 194 3843 U
212 3796 261 3841 'eos
272 3794 379 3842 samm.
394 3784 657 3842 ileosabeliisabest.
704 3788 754 3837 Sed
763 3801 837 3836 nemo
848 3794 896 3847 est,
908 3784 951 3851 qni
961 3797 1009 3834 non
1021 3784 1160 3834 subaudiat.

173 3858 262 3909 reem
279 3856 431 3905 incommodi.
470 3856 516 3904 Est
538 3854 593 3919 ipsa
613 3853 657 3903 ills
738 3853 889 3902 Aortsltssent.
903 3852 936 3900 al.
952 3850 1080 3900 awrh'snt.

134 3922 217 3973 ebdes
227 3920 353 3971 Gauium
369 3922 407 3970 Μ.
739 3918 878 3967 amma.
894 3916 928 3968 cl.
939 3916 1063 3963 ε.11.Μ.

169 3986 274 4039 Adortus
282 3993 349 4035 esset.
359 3986 450 4048 μιῖοσις
461 3998 505 4049 pro
515 3982 653 4048 fugasset.¹
739 3984 819 4032 Posse.
852 3980 892 4029 Sic
908 3978 1010 4043 quidem
1026 3980 1101 4028 codd.
1122 3986 1148 4027 et
1164 3988 1225 4030 vett.

171 4054 297 4103 Treueros
306 4048 496 4115 nequidquam.
514 4050 551 4097 Μ.
572 4080 576 4089 -
704 4048 762 4095 edd.
795 4046 845 4094 Seu
864 4044 940 4107 vulgo
960 4044 1059 4103 melius,
1075 4054 1161 4108 posset.
1187 4044 1225 4094 Μ.

167 4116 205 4167 Eo
214 4114 466 4173 medenentense,
475 4121 556 4163 utrum
568 4128 655 4177 pacem
703 4112 792 4161 ctsrke
803 4108 910 4159 restitnit
920 4109 1029 4174 viperae,
1043 4110 1162 4174 probante
1173 4106 1228 4157 Ou-

133 4198 190 4233 earn
212 4178 337 4231 Helvetiis
353 4180 455 4238 laceret,
474 4192 505 4227 an
527 4178 594 4238 bello
611 4186 656 4228 eoi
703 4178 778 4226 dend.
883 4242 890 4255 ¹
1093 4239 1098 4250 ι

134 4246 399 4379 lm’bifidis'wilibisi?
425 4308 448 4358 E
469 4306 579 4373 margine
599 4308 655 4357 lraec
706 4238 1226 4365 inFiodib'iirpngidiiiieeariiriiiiiriirrneiunbeib

132 4376 205 4429 verbs
223 4374 357 4443 inrepsisse
374 4370 439 4425 bene
454 4372 566 4439 judicent
582 4372 655 4423 Ciac-
703 4387 792 4439 pacem
802 4372 958 4422 concederet.
975 4372 1012 4419 Μ.
1121 4432 1128 4445 ·

131 4442 364 4495 sonetur-uterus
498 4448 503 4473 ι
739 4438 793 4492 Quo
813 4442 924 4501 grueter,
950 4440 979 4485 nt
1004 4450 1037 4485 ec
1061 4445 1159 4501 gmvrua
1180 4434 1227 4485 dc·

162 4510 240 4577 aas«
254 4525 283 4560 eo
303 4498 496 4573 qrwtsetm.
524 4500 616 4603 ⁸Inserit
632 4502 652 4556 1.
704 4504 780 4554 teani.
797 4500 834 4554 tt.
