2909 4809
445 308 530 377 LIB.
555 308 583 377 l.
629 312 732 378 cAP.
760 312 894 380 15-18.
971 377 980 395 ,
1009 380 1012 385 ,
1181 320 1220 385 13

132 492 281 583 preerat,
307 496 416 583 (quem
443 494 681 585 Vergobretum
704 497 869 587 adpellant
889 498 999 577 AEdui,
1013 501 1072 589 qui
1092 513 1221 567 creatur

130 603 255 647 sununs
276 594 311 646 et
326 582 400 648 vitre
423 583 571 671 necisque
593 584 626 649 in
640 608 713 650 suos
732 582 831 652 babet
844 591 1063 674 potestatem)
1075 590 1221 675 graviter

129 690 181 733 eos
195 682 337 745 accusat,
352 670 452 757 quod,
468 692 568 757 quum
581 692 684 758 neque
698 674 772 746 emi,
785 694 888 760 neque
901 696 941 737 ex
951 677 1037 761 agris
1050 676 1132 739 sumi
1172 699 1220 739 os-

130 767 189 829 set,
205 768 273 819 tam
288 756 461 821 necessario
476 768 632 844 tempore,
657 770 721 823 tarn
742 759 934 847 propinquis
947 758 1103 836 hostibus,
1126 699 1171 827 ab
1183 761 1221 825 iis

130 860 193 905 non
214 842 417 908 sublevetur:
449 844 627 930 praesertim
654 866 755 931 quum
781 868 897 933 magns
924 869 964 910 ex
990 858 1084 947 parte
1108 870 1222 913 eorum

130 926 281 1013 precibus
304 928 461 994 adductus
483 929 605 995 bellum
624 931 812 1019 susceperit,
835 931 940 998 multo
962 945 1059 999 ettam
1078 933 1220 1021 gravius,

129 1014 219 1099 quod
232 1014 275 1079 sit
287 1014 472 1089 destitutus,
510 1016 646 1081 ueritur.

176 1100 225 1165 17.
250 1100 335 1165 'lum
348 1100 477 1167 demum
523 1103 530 1116 '
565 1124 614 1179 us,
635 1104 780 1170 oratione
795 1105 930 1170 Gesseris
943 1104 1111 1180 adductus,
1133 1106 1222 1193 quod

128 1200 223 1251 autea
247 1198 402 1263 tacuerat,
430 1190 601 1277 proponit:
639 1201 661 1231 “
675 1190 751 1256 Esse
779 1190 959 1266 nonnullos,
985 1214 1125 1279 quorum
1147 1216 1234 1258 auc.

132 1273 284 1339 “toritas
306 1275 394 1362 apud
417 1274 545 1363 plebem
569 1277 746 1365 plurimum
769 1278 891 1352 valeat:
944 1278 977 1341 ui
1000 1278 1121 1365 privati
1146 1280 1221 1367 plus

130 1368 152 1397 “
169 1360 303 1451 poenit,
324 1384 421 1449 quam
441 1361 501 1450 ipsi
528 1364 744 1450 magistratus.
793 1364 863 1429 Hos
886 1302 1035 1429 seditiosa
1053 1379 1151 1453 atque
1174 1367 1220 1431 in-

130 1455 152 1485 “
168 1446 274 1533 probe
303 1450 447 1513 oratione
481 1448 720 1531 multitudinem
752 1450 925 1525 deterrere,
952 1474 996 1516 ne
1023 1451 1221 1517 frumentum

129 1542 151 1571 ‘⁴
167 1533 345 1609 conferant,
368 1534 456 1621 qnod
483 1548 636 1622 prestare
659 1536 808 1602 debeant.
859 1538 897 1601 Si
916 1538 982 1625 jam
1025 1538 1221 1627 rincipatum
1295 1530 1299 1537 ⁵

130 1628 151 1659 “
170 1618 287 1684 Galliae
302 1620 448 1685 obtinere
463 1644 526 1688 non
540 1622 675 1722 possint,
693 1623 876 1697 Gallorum,
890 1646 988 1711 quam
1053 1648 1221 1691 manorum

131 1716 152 1746 “
167 1706 304 1793 imperia
319 1707 474 1795 perferre,
488 1720 587 1773 sstrus
598 1716 794 1809 essapeque
807 1709 969 1785 dubitare,
1008 1710 1076 1785 uin,
1099 1712 1125 1776 si
1142 1710 1220 1775 Hel·

129 1802 151 1831 “
167 1793 271 1857 retios
282 1795 504 1882 superaverint
519 1793 669 1871 Romani,
682 1818 746 1860 una
760 1819 833 1861 cum
845 1794 971 1883 reliqua
984 1733 1095 1861 dania
1107 1796 1221 1861 AEduis

129 1889 150 1919 “
166 1878 351 1945 libertatem
365 1880 430 1945 sint
443 1881 599 1969 erepturi.
645 1881 700 1945 Ab
713 1882 823 1947 iisdem
839 1892 950 1947 nostra
967 1882 1110 1956 consilia,
1133 1902 1220 1970 quae·

129 1974 150 2005 ‘⁴
166 1988 232 2054 que
260 1966 295 2031 in
323 1966 434 2031 castris
466 1979 632 2053 gerantur,
662 1966 808 2031 hostibus
834 1966 1014 2032 enunciari:
1053 1967 1111 2033 hos
1139 1991 1160 2032 a
1187 1992 1221 2033 se

129 2062 150 2091 ‘⁶
165 2050 307 2117 coerceri
321 2074 385 2117 non
403 2075 509 2141 posse:
534 2053 613 2153 quin
629 2052 739 2126 etiam,
757 2052 845 2139 quod
859 2054 1032 2128 necaesario
1049 2076 1117 2118 rem
1132 2078 1220 2119 coac·

128 2150 221 2203 “tus
247 2138 367 2203 Caesari
395 2139 585 2214 enunciant,
613 2136 798 2226 intellegere
826 2162 904 2213 sese,
933 2152 1056 2225 quanto
1085 2140 1118 2205 id
1145 2163 1220 2205 cum
1275 2199 1279 2207 .

128 2236 149 2266 ιι
164 2226 311 2377 &iimo
323 2224 457 2339 fecerit,
478 2237 511 2291 et
534 2225 666 2291 obeam
686 2247 840 2300 causam,
864 2245 962 2314 quam
983 2226 1040 2291 diu
1060 2227 1218 2315 potuerit,

126 2322 147 2353 ss
217 2314 321 2377 um)

171 2400 220 2463 18.
247 2398 356 2463 Caessr
379 2397 437 2463 bac
457 2398 602 2465 oratione
623 2396 706 2463 Lisci
721 2398 968 2487 Dumnorigem,
987 2398 1142 2465 Divitisci
1155 2399 1218 2463 irs·

127 2496 220 2559 trem,
245 2484 405 2571 designari
426 2484 599 2550 sentiebat:
632 2485 697 2560 sed,
722 2484 811 2571 quod
858 2485 984 2550 luribus
1008 2485 1219 2572 praesentibus

125 2592 176 2635 ess
195 2594 247 2635 res
264 2570 379 2657 jactari
401 2570 544 2646 nolebat,
567 2569 713 2635 celeriter
736 2509 858 2637 concil)

125 2656 259 2721 retinet:
284 2656 403 2743 querit
415 2680 456 2720 ex
469 2656 538 2722 solo
553 2680 601 2731 ea,
623 2680 695 2743 quae
715 2656 749 2722 in
764 2670 925 2722 conventu
944 2656 1081 2721 dixerat.
1127 2657 1218 2721 Dicit

126 2740 260 2807 liberius
275 2754 377 2836 etque
394 2742 554 2809 audacius.
601 2742 721 2807 Eadem
737 2755 861 2808 secreto
872 2742 917 2807 ab
929 2742 999 2807 aliis
1013 2740 1146 2830 querit:
1168 2766 1218 2807 re·

56 2840 62 2849 “
125 2830 208 2915 perit
222 2852 290 2894 esse
304 2850 391 2893 vera.
437 2827 587 2917 “Ipsum
601 2852 666 2894 esse
679 2828 924 2916 Dumnorigem,
939 2828 1217 2905 summaaudscia,

124 2924 145 2955 “
162 2936 280 3003 magna
293 2915 381 3003 apud
394 2915 522 3003 plebem
537 2928 674 3065 propter
689 2914 916 2981 liberalitatem
930 2915 1047 3003 gratia,
1062 2916 1217 3003 cupidum

124 3011 145 3041 “
160 3024 272 3067 rerum
304 3023 475 3067 novarum:
511 3025 606 3089 comp
620 3002 687 3101 uris
714 3024 813 3067 annos
847 3002 1000 3090 portoria·
1028 3002 1217 3089 reliquaque

124 3098 145 3129 ‘⁴
160 3088 270 3154 omnia
283 3086 465 3155 AEduorum
481 3088 651 3176 vectigaha
676 3110 779 3176 parvo
797 3090 904 3176 pretio
926 3088 1069 3155 redemta
1087 3086 1216 3163 babere,

124 3288 176 3323 rum
203 3273 349 3338 magistratu
374 3275 488 3339 quadem
520 3274 647 3325 truduntur
695 3272 795 3331 mutari,
822 3271 1015 3337 Oudendorpins
1041 3270 1135 3321 omitti.
1149 3243 1217 3321 *Sed

840 2594 907 2635 rum
926 2570 1074 2645 dimittit,
1090 2570 1219 2637 Liscum
1261 2646 1265 2651 .
1327 2577 1330 2583 ’

126 3336 227 3399 iniret,
246 3340 288 3388 33.
315 3340 353 3387 Μ.
390 3340 428 3387 De
450 3336 601 3387 isto‘dstiuo
621 3354 646 3385 v.
695 3352 744 3386 non
756 3347 826 3401 puto,
841 3338 953 3386 exomni
964 3337 1115 3399 summi&
1126 3336 1218 3386 lacien-
1293 3362 1301 3374 ι

125 3402 214 3467 Berger
223 3404 256 3452 de
267 3410 347 3456 nanu.
359 3402 459 3468 pulerit.
470 3410 530 3453 orat.
543 3420 568 3465 p.
578 3406 636 3451 411.
694 3402 752 3451 dem
775 3417 829 3451 esse
851 3402 988 3466 legitimum
1015 3401 1217 3452 consecutionem

156 3469 277 3519 ema
310 3467 351 3527 Al.
366 3475 497 3531 prseerurtt.
512 3468 587 3515 male.
695 3465 821 3515 orationis.
840 3467 877 3513 Μ.
909 3466 1050 3516 Delenduns
1070 3468 1097 3513 cl
1115 3468 1217 3519 deltam

161 3533 346 3595 Ver-pometum.
360 3531 646 3595 LinguaCelticaFear-
696 3539 766 3595 putat
787 3530 853 3579 Oud.
874 3530 1007 3579 subaudito
1026 3548 1060 3592 ss,
1078 3530 1104 3578 ni
1121 3533 1171 3581 boc
1192 3548 1218 3581 se

122 3595 511 3669 pst-breitlsestviredjudicium
526 3598 647 3657 dueum,
694 3596 784 3643 addere
802 3591 884 3643 malis.
917 3596 999 3654 Quam
1017 3595 1150 3645 lectionem
1173 3611 1218 3643 ex-

120 3662 209 3721 ,auen
219 3660 346 3723 seanvir:
360 3658 646 3725 paeviato-Buten
695 3657 823 3708 bibaces
833 3666 953 3722 estqumu
963 3662 1215 3709 consuerentur.

125 3722 149 3771 in
164 3724 282 3775 Focsloir
299 3724 466 3788 Geoidheilge
483 3722 647 3774 Sex-bhisrls
694 3723 801 3772 restituit
824 3724 848 3773 in
864 3725 974 3773 editione
995 3724 1131 3788 posteriore
1149 3724 1215 3772 Oud.

122 3803 150 3837 or
174 3805 205 3837 un
232 3789 417 3853 lrisb-English
446 3786 593 3852 dictionary.
621 3790 645 3835 4.
693 3788 737 3852 qui
756 3788 780 3836 in
793 3787 867 3850 priori
881 3790 982 3839 dederet
996 3789 1048 3837 sic:
1065 3790 1135 3851 'quod
1150 3802 1216 3851 prae·

126 3854 200 3912 Paris',
216 3854 288 3902 ltte.
300 3853 324 3901 in
334 3852 406 3901 Prml.
420 3870 445 3915 p.
453 3857 493 3901 at.
525 3855 598 3915 Apud
610 3852 646 3901 Le
692 3854 858 3911 standumst,
873 3856 895 3902 si
903 3852 1117 3916 jam—perferre.-
1137 3868 1217 3916 aeque

125 3916 646 3981 PelletierinDict.delalangueBrrtonne
693 3918 806 3965 debuere
825 3919 935 3967 murat.
960 3932 1011 3981 quo
1033 3917 1135 3971 refertur
1157 3926 1217 3971 uota

124 3981 148 4030 iu
175 3998 238 4031 rose
268 3985 400 4046 Breuqeou
431 3980 538 4032 occurrit
568 3983 647 4043 brasc,
694 3981 829 4044 praemissa.

121 4046 212 4105 tmuu,
220 4045 356 4109 judicium.
730 4048 839 4096 Coactus.
877 4043 919 4094 Sic
942 4046 1015 4095 codd.
1042 4053 1068 4095 et
1088 4047 1144 4095 edd.
1165 4054 1216 4099 vet.

155 4113 273 4161 Precibus
282 4112 411 4163 affluam.
428 4110 468 4160 ct.
480 4126 503 4160 c.
518 4115 555 4160 ll.
574 4112 611 4159 M.
695 4111 763 4159 Male
778 4110 876 4159 Fssmus
888 4119 1049 4174 expunxerst,
1065 4127 1114 4159 uno
1127 4112 1216 4161 codice

155 4176 259 4225 Privati.
275 4175 452 4239 sliiprs'sats'm.
694 4185 787 4223 motus.
1286 4225 1292 4230 ,

156 4240 242 4302 Neque
252 4241 366 4290 dubitare
380 4241 491 4290 menna
522 4240 645 4289 Turbatur
728 4242 766 4289 At
780 4241 835 4288 ulis's
849 4242 946 4303 quoerr't.
978 4240 1057 4290 Abest
1077 4242 1166 4305 quaere't
1182 4240 1216 4289 ab

124 4301 147 4351 in
164 4305 241 4353 verbo
261 4305 363 4355 &beust
384 4304 500 4367 syntaxis,
519 4320 576 4355 uem
595 4320 645 4353 non
694 4304 752 4352 edd.
771 4304 856 4367 vulgg.
889 4305 937 4353 Sed
957 4304 1084 4355 exstasin
1100 4303 1217 4353 omnibus

122 4368 213 4430 paride:
233 4370 285 4417 hoe
302 4369 405 4423 verbum
422 4370 455 4418 sb
471 4368 556 4433 aliquo
570 4386 645 4433 supe·
693 4368 835 4418 codicibus.
861 4370 900 4420 M.
925 4376 951 4418 et
972 4370 1073 4421 Graecus
1099 4368 1217 4431 interpres

121 4431 222 4485 norum.
256 4432 371 4484 Clsrltius
399 4432 424 4486 iu
450 4435 534 4487 datm
565 4434 646 4485 voluit
694 4434 781 4487 hebet.
814 4432 972 4501 &perlitum
983 4436 1086 4487 duxemt
1097 4433 1215 4498 Scaliger.
