2909 4809
234 255 300 332 tet
399 262 444 332 n.
469 244 619 332 uteru
641 254 708 334 oa
728 254 882 336 neue
906 249 1162 334 tetrcnno.

234 467 298 520 m
312 452 653 542 pleeetec'lamiteute,
672 465 708 520 et
730 455 861 522 etiams
899 474 941 521 ue
962 441 1060 523 etiem
1077 456 1180 524 aclea
1203 458 1334 520 susten

235 552 337 618 unte,
347 542 460 608 subito
471 541 590 609 dextro
603 560 717 618 cornu,
731 544 851 632 injuseu
958 546 1012 620 ris,
1035 542 1164 610 tubicen
1179 550 1199 608 t
1219 537 1335 610 militi-

236 627 299 694 bus
319 641 449 694 motus
469 651 584 698 canere
606 630 717 720 coepit.
764 631 838 706 Quo
862 629 961 707 iectu,
979 633 1021 697 eb
1040 629 1194 698 universis
1214 627 1334 696 cohor·

235 715 325 781 tibus
345 716 437 804 sigas
458 717 493 782 in
517 714 642 783 hostem
665 732 794 806 coepere
819 716 955 792 inferri3
986 737 1087 806 quum
1115 716 1335 784 Centuriones

235 814 367 906 pectore
393 803 529 870 sdverso
562 804 749 870 resisterent
780 803 878 892 vique
904 799 1106 872 continerent
1135 805 1333 880 militesne

213 899 219 910 “
234 889 357 977 sujum
372 889 582 980 imperatoris
595 901 834 967 concurrerent,
849 911 907 956 nec
921 892 999 978 quid
1025 915 1097 957 uam
1113 891 1321 984 proicerent.

279 977 334 1042 83.
373 977 469 1053 Quod
494 991 666 1068 postquem
694 978 803 1044 Csessr
826 977 996 1053 intellexit,
1035 979 1161 1046 ncitetls
1187 975 1333 1044 rnilitum

235 1064 349 1131 auten
361 1065 466 1130 resisti
480 1065 572 1131 nulio
586 1065 682 1132 modo
696 1087 800 1154 posse,
819 1065 910 1154 signo
933 1061 1109 1132 Felicitatis
1133 1067 1223 1143 dato,
1245 1087 1334 1156 equo

236 1150 387 1227 admisso,
399 1151 432 1216 in
445 1148 567 1218 bostem
582 1165 697 1220 contre
712 1152 873 1242 principes
887 1153 934 1218 ire
945 1151 1121 1218 contendit.
1167 1149 1196 1217 A
1213 1153 1335 1220 dextro

187 1273 198 1298 ι
237 1237 367 1304 interim
386 1253 487 1304 cornu
511 1239 690 1305 funditores
716 1240 939 1326 sagittariique
965 1239 1092 1306 concita
1116 1239 1183 1305 tela
1206 1243 1242 1310 in
1267 1242 1335 1306 ele-

237 1321 376 1476 ἰξατο·
402 1325 591 1414 frequentes
614 1325 773 1415 injiciunt.
831 1328 906 1403 Quo
932 1328 1030 1402 fecto,
1053 1326 1173 1404 bestie,
1194 1325 1336 1396 stridore

296 1410 411 1478 derunt
425 1412 636 1503 lapidumque
650 1413 825 1494 deterritae,
842 1429 909 1480 sese
923 1425 1111 1480 convertere
1125 1429 1158 1482 et
1172 1435 1245 1480 suos
1259 1429 1337 1508 post

236 1493 472 1588 ubsquentes
483 1502 583 1592 stipat
642 1523 684 1567 ue
705 1513 872 1592 proterere
895 1513 928 1568 et
950 1502 982 1568 in
1004 1514 1114 1594 portas
1138 1499 1215 1568 salii
1242 1498 1337 1569 semi-

237 1586 339 1654 nctus
372 1608 469 1655 ruere
502 1603 598 1657 conte
642 1601 712 1656 unt.
775 1589 856 1656 ltern
893 1589 1005 1658 Mauri
1040 1587 1177 1678 equites,
1213 1587 1270 1680 qui
1301 1589 1336 1658 iu

235 1667 349 1743 ecdem
369 1696 566 1746 turnucum
587 1677 767 1768 elephantis
791 1689 896 1754 erant,
924 1675 1072 1768 presidio
1090 1675 1221 1750 deserti,
1244 1675 1336 1766 prin·

236 1761 326 1852 εἰμι
340 1764 484 1853 fugiunt.
531 1765 583 1833 lta
596 1767 745 1834 celeriter
759 1764 868 1831 bestiis
883 1763 1069 1840 circumitis,
1085 1763 1224 1856 legiones
1244 1763 1335 1834 talio

236 1843 377 1917 tontum
389 1865 467 1918 sunt
487 1854 600 1942 potitae
612 1867 659 1931 et,
680 1851 793 1944 paucis
813 1851 944 1929 acriter,
961 1852 1219 1954 repugnantibus
1232 1849 1336 1918 intel·-

235 1937 339 2090 ieetifq
360 1939 478 2042 reliqui
492 1944 644 2010 concitati
661 1941 695 2007 in
709 1951 826 2015 castra,
848 1940 933 2007 unde
955 1939 1061 2032 pridie
1085 1953 1179 2007 erent
1201 1937 1336 2030 egressi,

235 2041 296 2091 eon
371 2041 441 2092 unt.

278 2047 436 2180 &Fidon
450 2113 660 2182 videturesse
674 2113 989 2208 pretermittendum
1008 2113 1049 2182 de
1069 2114 1192 2182 virtute
1215 2105 1336 2184 milites

235 2200 381 2266 veterani
405 2202 527 2288 quintse
553 2199 698 2292 legionis.
756 2204 853 2280 Nam,
884 2225 985 2294 quum
1011 2201 1045 2268 in
1072 2201 1200 2268 sinistro
1229 2222 1335 2270 cornu

235 2286 437 2376 elephantus,
458 2291 593 2358 vulnere
611 2292 694 2357 ictus
709 2303 743 2357 et
757 2289 870 2358 dolore
886 2291 1077 2366 concitatus,
1093 2289 1125 2356 in
1141 2287 1236 2356 lixam
1248 2291 1334 2358 iner-

234 2395 318 2439 mem
333 2375 480 2464 inpetum
504 2380 641 2455 iecisset,
663 2397 803 2468 eumque
825 2375 886 2446 sub
909 2377 992 2481 pede
1013 2373 1192 2472 subditum,
1214 2371 1335 2446 deinde

234 2477 321 2548 genu
347 2461 484 2540 innixus,
515 2467 659 2558 pondere
683 2489 755 2543 suo,
782 2465 968 2558 proboscide
983 2477 1090 2532 erecta
1108 2466 1333 2554 vibrentique,

233 2548 372 2614 stridore
396 2555 536 2620 maximo
560 2565 721 2646 premeret
747 2567 857 2707 atqqpt
870 2565 1030 2630 enecaret,
1066 2551 1157 2618 miles
1186 2551 1238 2620 hic
1265 2568 1334 2620 non

234 2635 344 2726 potuit
364 2639 446 2726 peti,
462 2643 541 2730 quin
558 2664 593 2710 se
610 2653 771 2709 armatum
858 2641 895 2708 iae
910 2641 1067 2708 obferret.
1114 2641 1219 2717 Quem
1242 2653 1334 2732 post-

233 2738 329 2809 quem
357 2726 546 2814 elephantus
574 2729 616 2796 ad
644 2753 678 2794 se
707 2728 774 2794 telo
807 2729 921 2794 infesto
950 2727 1059 2794 tenire
1089 2725 1332 2808 animadvertit,

233 2811 351 2876 relicto
375 2814 544 2893 cadavere,
576 2817 711 2884 militem
743 2815 932 2906 proboscide
961 2813 1141 2881 circumdat
1167 2829 1266 2905 etque
1298 2817 1334 2884 in

233 2894 373 2963 sublime
393 2903 523 2969 extollit
536 2912 706 2970 armatum.
754 2903 820 2979 Qui
841 2901 874 2970 in
890 2901 1045 2994 ejusmodi
1083 2897 1333 2992 ericulcquum

234 2997 417 3070 wnswnter
442 3012 461 3054 a
485 2992 601 3056 endum
624 2991 686 3056 sibi
709 2989 845 3066 videret,
873 2989 981 3081 gladio
1032 2927 1243 3068 rdtoscidem,
1266 3015 1334 3082 que

233 3083 305 3136 eret
332 3015 561 3154 circumdatus,
595 3079 738 3151 cedere,
762 3089 918 3166 quantum
948 3077 1009 3142 virt
1037 3099 1073 3142 us
1124 3087 1242 3154 uteret,
1265 3095 1332 3146 non

233 3155 381 3228 destitit:
417 3188 485 3252 quo
510 3165 624 3234 dolore
648 3163 810 3232 sdductus
832 3163 1032 3253 elephantus,
1061 3166 1103 3230 m'
1121 3167 1164 3230 'te
1190 3165 1333 3256 abjecto,

233 3247 372 3316 maximo
385 3273 462 3316 curn
475 3252 615 3319 stridore
629 3273 793 3340 cursuque
815 3253 1039 3320 conversused
1052 3252 1193 3342 reliquas
1213 3248 1335 3320 bestias

233 3337 492 3493 ”ffidierim
504 3418 635 3512 Thapso
649 3423 707 3512 qui
730 3437 823 3492 crunt
848 3421 1008 3514 presidio,
1032 3447 1073 3492 ex
1094 3423 1220 3515 oppido
1232 3447 1333 3518 crup-

233 3517 353 3574 trcuenr
378 3525 477 3604 porta
501 3512 677 3580 maritume
696 3511 820 3577 fecium
843 3525 888 3592 et,
910 3513 977 3578 sire
992 3525 1030 3576 ut
1043 3513 1109 3578 suis
1122 3513 1266 3581 subsidio
1279 3537 1336 3583 oc-

267 3688 346 3753 tepeo
359 3683 435 3740 ree.
453 3691 522 3742 dcte.
548 3687 680 3740 Teeeereus
706 3687 760 3740 suis
805 3691 1335 3759 psvddt'otnirunttderuntmtetepln-

150 3799 156 3809 ,
235 3751 303 3806 dedit
314 3749 418 3805 verbum
432 3755 718 3806 detumescente.
809 3753 884 3806 titsit
898 3755 1003 3810 dativus.

270 3816 421 3872 emtarum
518 3819 642 3886 'demque
693 3819 758 3870 Cod.
844 3823 1059 3886 estuaetepestu
1078 3823 1153 3877 Coei.
1165 3827 1333 3878 uetadun.

234 3883 314 3933 Dorv.
324 3891 350 3950 et
361 3884 419 3936 edd.
428 3891 478 3936 vet.
497 3886 758 3936 oucmmscsmm
842 3887 994 3938 Pmboscide.
1014 3887 1335 3956 Coumque-prm-

232 3949 388 4014 pineique.
808 3951 870 4002 cide.
888 3949 928 4002 Sic
941 3961 966 4004 et
977 3951 1004 4002 iu
1015 3953 1090 4004 codd
1111 3954 1199 4006 Pttnti·

268 4012 408 4066 verente.
431 4013 641 4080 stiipererrtae.
841 4017 983 4068 Amatam.
1014 4015 1065 4068 Alii
1081 4027 1207 4072 mles.
1224 4021 1336 4088 pubes

268 4077 333 4129 Cum
342 4079 480 4144 cleptum
490 4089 539 4130 etc.
563 4079 607 4130 siu
617 4079 692 4131 codd.
705 4089 757 4130 vet.
806 4089 852 4131 est.

234 4140 263 4193 in
283 4141 343 4191 eliis
363 4159 422 4192 cum
443 4143 536 4208 deeet3
562 4146 628 4195 uude
648 4146 758 4196 editores
841 4147 899 4204 Qec
909 4153 964 4198 estet
975 4149 1095 4200 cmm.
1107 4147 1334 4204 hamul

807 4209 1132 4280 pumiceumque.
