2909 4809
519 253 605 326 nra.
650 214 873 326 carmel
965 335 968 342 ,
1036 303 1040 314 ,
1161 203 1223 323 5'45

126 445 226 537 tatus,
246 437 366 526 partim
390 437 447 504 ubi
467 439 622 528 pedestris
643 465 682 510 co
707 441 738 508 ia
759 442 792 508 in
811 415 947 507 statione
966 453 999 507 et
1020 440 1053 506 in
1066 431 1220 507 excubitu

127 537 238 606 casura
253 524 400 612 prasidio
411 549 476 591 esse
487 540 635 616 possent'
700 532 729 594 ic
742 528 775 595 iu
787 527 926 595 adventu
941 528 1085 616 Pompeii
1095 527 1220 603 incidit,

125 618 162 673 ut
176 611 335 677 matutino
349 622 492 700 tempore
514 613 630 680 nebula
645 628 725 680 esset
739 614 935 680 crassissima.
982 613 1098 702 Itaque
1117 615 1149 679 in
1164 614 1220 680 illa

125 694 353 763 obscuratione
375 723 447 764 cum
463 699 590 788 aliquot
610 700 795 768 cohortibus
814 713 847 767 et
867 701 1012 790 equitum
1032 701 1146 765 turmis
1161 699 1222 766 cir·

124 781 334 848 curucludunt
350 785 482 850 cesaris
502 787 626 874 equites
647 801 682 854 et
702 788 887 864 concidunt,
909 789 964 863 sic,
988 787 1103 853 utrix
1126 786 1158 850 in
1182 809 1221 852 ea

124 865 215 932 oede
268 868 319 936 uci
332 871 523 958 effugerent.
1072 941 1076 954 ,

170 953 200 1020 7.
224 891 406 1042 ldaequenti
420 970 513 1023 nocte
534 963 639 1026 castra
655 983 713 1025 sua
735 959 874 1026 incendit
896 959 1068 1061 Pompeips
1083 971 1116 1023 et
1130 969 1218 1023 trans

123 1037 241 1106 flumen
251 1043 379 1108 Salsum
392 1067 452 1132 per
462 1047 622 1111 convalles
629 1059 733 1112 castra
743 1045 828 1112 inter
839 1045 905 1112 duo
916 1045 1047 1135 oppida,
1058 1047 1219 1132 Ateguam

123 1135 159 1189 et
174 1126 329 1204 Ucubim,
345 1129 378 1194 in
392 1143 501 1196 monte
521 1129 697 1198 constituit.
743 1133 851 1198 Cmsar
873 1133 906 1198 in
926 1131 1154 1198 munitionibus
1168 1153 1219 1194 ce·

122 1213 277 1300 terisque,
289 1237 362 1302 qure
374 1215 418 1281 ad
430 1217 588 1306 oppidum
603 1219 855 1306 obpugnandmn
869 1243 949 1308 opus
963 1219 1108 1292 fierunt,
1122 1238 1220 1305 agge·

121 1320 193 1364 rem
205 1299 378 1389 vineasque
400 1327 497 1390 agere
519 1305 666 1371 instituit.
713 1305 794 1370 Haec
813 1306 882 1371 loca
904 1317 979 1370 sunt
999 1315 1166 1370 montuosa
1185 1315 1220 1367 et

121 1397 241 1451 natura
253 1387 340 1453 edita
353 1387 397 1453 ad
407 1392 475 1455 rem
487 1390 674 1466 militarem
697 1414 770 1478 quae
782 1391 914 1481 planitie
924 1391 1112 1458 dividuntur
1126 1389 1218 1455 Salso

122 1467 268 1548 flumine,
279 1476 423 1562 proxime
444 1489 551 1543 tamen
572 1480 747 1566 Ateguam,
763 1489 802 1542 ut
820 1479 862 1544 ed
877 1479 993 1544 flumen
1012 1477 1075 1543 sint
1090 1476 1220 1542 circiter

195 1583 274 1624 uum
285 1559 353 1627 duo
367 1561 465 1627 milia.
510 1563 562 1630 Ex
573 1587 611 1630 ea
624 1563 755 1652 regione
769 1565 881 1652 oppidi
895 1565 928 1630 in
941 1563 1104 1630 montibus
1116 1575 1220 1627 castra

120 1580 234 1710 Elicit
247 1645 430 1735 Pompeius,
445 1651 477 1714 in
489 1663 662 1738 conspectu
675 1663 886 1738 utrorumque
896 1649 1101 1750 oppidorum,
1113 1669 1219 1734 neque

120 1730 187 1796 sais
205 1755 299 1798 aucus
319 1747 368 1799 est
386 1735 528 1802 subsidio
542 1737 662 1801 venire.
706 1736 842 1822 Aquilae
864 1747 898 1801 et
915 1759 1011 1824 signa
1024 1735 1138 1801 babuit
1153 1747 1218 1799 tre·

120 1813 227 1882 decim
245 1818 257 1883 l
300 1819 423 1895 ‘onum3
445 1821 514 1897 sed,
532 1823 706 1908 exquibus
720 1822 846 1908 aliquid
860 1822 1049 1888 firmamenti
1064 1845 1096 1886 se
1111 1820 1219 1886 existi-

121 1903 233 1970 mabat
245 1903 286 1970 ha
328 1931 376 1980 re,
390 1907 464 1972 dua
474 1908 808 1983 fueruutvernaculae,
847 1931 929 1974 urea
941 1907 1104 1975 Trebonio
1118 1919 1219 1971 trans-

119 1987 290 2078 fugerant3
313 2015 389 2068 una,
403 1993 487 2059 facta
507 2016 546 2059 ex
560 1995 704 2070 coloniis,
727 2018 800 2082 quae
855 2005 951 2060 erunt
972 1994 1005 2060 in
1021 1995 1068 2058 his
1083 1993 1219 2081 regioni-

122 2074 201 2150 bus;
223 2091 342 2164 quarta
353 2079 416 2145 luit
427 2080 605 2145 Afraniana
616 2105 656 2146 ex
666 2081 790 2156 Africa,
802 2103 899 2168 quarn
909 2103 1015 2146 secum
1025 2079 1220 2152 adduxerat;

121 2161 257 2248 reliquae
276 2187 317 2230 ex
331 2165 476 2254 fugitivis
496 2167 666 2233 auxiliares
684 2167 913 2233 consistebant:
939 2189 1020 2244 nam,
1036 2167 1077 2232 de
1093 2165 1157 2230 levi
1171 2187 1222 2230 ar·

120 2260 250 2350 matura
272 2265 307 2316 et
325 2252 486 2338 equitatu,
509 2252 603 2342 longe
622 2265 658 2318 et
671 2255 794 2319 virtute
814 2265 848 2318 et
862 2275 995 2322 numero
1011 2253 1113 2320 nostri
1126 2265 1221 2338 erant

120 2357 159 2400 su
201 2357 309 2401 riores.
495 2396 498 2402 ,
955 2363 959 2371 ·

159 2357 200 2484 bi
222 2422 408 2490 Accedebat
425 2423 501 2503 huc,
525 2439 563 2492 ut
587 2426 713 2515 longius
736 2427 858 2494 bellum
878 2424 1013 2492 duceret
1036 2424 1220 2514 Pompeius,

146 2507 211 2574 uod
229 2507 298 2574 loca
311 2521 385 2576 sunt
407 2511 494 2577 edita
513 2525 546 2577 et
565 2511 608 2578 ad
627 2526 807 2579 castrorum
826 2511 1015 2580 munitiones
1028 2534 1093 2578 non
1106 2534 1220 2600 parum

120 2593 133 2657 i
156 2615 247 2660 onea.
294 2596 382 2673 Nam
398 2596 466 2662 fere
484 2599 583 2664 totius
605 2599 767 2665 ulterioris
783 2599 946 2686 Hispanias
961 2597 1061 2686 regio,
1083 2609 1220 2686 propter

119 2691 217 2746 terrae
237 2676 479 2760 fecunditatem,
501 2684 630 2774 inopem
648 2684 874 2772 difficilemque
889 2684 986 2749 habet
1006 2683 1219 2770 obpugnatio-

156 2867 278 2916 Puteum
287 2873 369 2932 copta.
395 2868 437 2917 Sic
450 2869 643 2918 Duriaecodd.
730 2870 832 2920 Natum
852 2869 919 2918 edita
946 2869 980 2918 cd
1000 2883 1054 2917 rem
1074 2868 1216 2916 arduam.

120 2928 202 2979 Norv.
236 2931 545 3008 Vulgopaisstmcops'ae.
694 2934 753 2982 Hoc
764 2935 819 2997 ipse
831 2931 1135 2997 scriptorc.8explicat,
1153 2933 1215 2981 dum

156 2995 368 3048 mmmmm.
412 2999 569 3062 Arnbrguum
595 3007 644 3057 est,
694 2997 875 3062 pleniusdicit.
895 2999 931 3046 Μ.

120 3066 206 3108 utrum
214 3061 363 3124 Pompeiani
371 3061 477 3112 cesaris
487 3064 585 3128 «inker
593 3065 644 3113 cir·
732 3064 884 3112 Vemania.
897 3095 900 3104 ι
911 3061 1003 3112 Cauri
1015 3059 1106 3110 victori
1117 3061 1213 3112 traditae

120 3125 309 3185 cumcluaerint,
337 3141 370 3175 au
401 3125 535 3176 Coenriani
566 3130 643 3177 Poru-
692 3137 763 3177 eraut
776 3128 819 3188 (de
830 3127 860 3174 B.
872 3126 901 3175 C.
914 3133 938 3186 9,
948 3127 1000 3186 90),
1015 3125 1059 3190 qui
1071 3124 1110 3175 eis
1120 3126 1213 3190 [ongi-

120 3187 235 3252 pulum
267 3195 300 3239 At
313 3205 373 3238 cum
391 3192 571 3254 precedentis,
587 3201 642 3264 tgm
692 3206 752 3240 num
765 3189 875 3254 praefecit
886 3199 919 3250 et,
936 3191 1107 3250 hocmortuo,
1117 3191 1214 3240 Trebo-

17 3258 18 3331 j
119 3253 306 3316 subsequentis,
327 3255 410 3318 magis
428 3265 544 3318 arguunt,
567 3258 642 3304 Pom·
692 3255 779 3304 niumr
807 3270 893 3318 aquo
914 3256 1058 3304 delecenrnt
1082 3263 1108 3302 et
1129 3269 1213 3304 rursus

120 3316 229 3430 Κῖὶιιιοε
243 3334 260 3391 ιι
276 3318 425 3392 cesarianis
444 3319 560 3369 concisos
576 3335 641 3395 esse.
692 3311 806 3394 caussam
823 3319 939 3382 Pompeii
956 3319 1020 3370 tueri
1040 3327 1212 3392 susceperunt.

151 3381 202 3430 odo
215 3397 284 3430 emm
299 3390 346 3441 art,
361 3383 464 3432 castessa
478 3383 640 3433 securem
692 3385 743 3434 Dio
760 3385 830 3433 Cass.
847 3385 888 3442 ts,
907 3387 946 3434 29·
964 3383 1002 3432 Μ.
1041 3382 1157 3432 Junnrus
1176 3383 1213 3432 le-

18 3452 19 3465 ³
121 3445 173 3494 boc
182 3454 310 3509 occupato
321 3463 384 3506 esse,
394 3455 423 3496 ut
434 3448 552 3511 Pompeii
563 3446 642 3497 insul·
690 3450 800 3512 gendum
812 3455 883 3511 putat
893 3449 1060 3510 dwfusnsrst
1069 3446 1136 3505 (scil.
1143 3455 1212 3496 vete·

18 3538 19 3543 =
120 3509 192 3559 tum·
202 3510 361 3573 reprimeret:
392 3527 451 3560 mox
477 3511 641 3576 subjungitur,
691 3514 778 3573 raum),
794 3527 852 3577 quae
867 3529 885 3562 ιι
901 3511 1211 3574 mammarum

18 3586 19 3609 ³
121 3574 275 3636 Pompeium
284 3575 387 3639 fugisse,
395 3578 464 3650 quod
475 3577 579 3645 minime
590 3578 641 3626 lsc·
689 3578 728 3629 lv,
738 3580 769 3627 Α.
781 3578 824 3637 64)
840 3585 862 3626 st
873 3579 1016 3636 emacula,
1031 3577 1063 3624 de
1077 3589 1127 3638 qua
1137 3576 1209 3625 dein-

18 3656 20 3665 *
120 3647 194 3688 turus
204 3639 292 3699 luent,
308 3641 329 3688 si
344 3639 523 3705 qualicumque
537 3642 642 3691 victoria
689 3645 940 3706 cepsc.10.12.20.

121 3702 299 3778 potituscnet.
313 3707 481 3756 racemus.
498 3704 583 3765 Quare
592 3707 640 3754 sub
724 3707 882 3770 chupr'tr'os'a
889 3707 1127 3756 muscanea.
1147 3706 1210 3780 Bar·

121 3775 224 3817 ιιιιῑιιιιιι
245 3768 342 3830 periodi
364 3769 468 3831 legetur,
489 3787 549 3820 eun
569 3770 641 3831 (non,
663 3783 668 3796 ·
691 3769 1106 3834 bsmlocutio,judiceDodwello.
1118 3771 1207 3818 Deris.

18 3847 20 3875 ι
120 3833 191 3893 cun)
199 3836 353 3895 aliquotcolr.
363 3834 642 3884 utGoduiuunmonuit.
690 3836 764 3884 malit
772 3840 808 3884 in.
842 3834 889 3883 Sed
901 3835 1047 3898 praepositio
1064 3835 1206 3896 possetab-
1299 3869 1303 3878 ,

121 3897 183 3954 Sed,
192 3897 214 3945 si
225 3897 269 3945 bic
281 3911 369 3946 sensus
378 3906 426 3950 est,
436 3899 511 3960 plane
521 3909 642 3962 repugnat
689 3915 753 3948 esse.
784 3899 865 3950 Jurin.
875 3899 917 3948 dat
928 3915 960 3948 ec
968 3899 1083 3964 sepulcris
1097 3902 1207 3948 stauai·

18 3979 20 4004 ι
121 3961 183 4009 loco
199 3961 292 4010 Diouis
306 3963 377 4011 Cass.
392 3965 433 4020 ta,
448 3966 488 4011 83.
508 3964 552 4027 qui
565 3966 640 4013 Pom·
689 3965 956 4014 Haribuacmutabcnt.

122 4024 185 4088 poio
192 4025 302 4076 feliciter
309 4026 416 4076 cessino
424 4035 641 4101 coustumpcrrat.
723 4029 971 4088 Dekatcmctara,
985 4029 1054 4092 quod
1064 4027 1159 4078 adtinet
1169 4028 1207 4077 le-

123 4089 179 4202 MA
285 4160 513 4223 vineasqusopers.
535 4157 577 4208 Cl.
587 4165 642 4209 not.
688 4095 918 4222 marsallum-lidia
930 4157 1115 4220 scamnum
1147 4156 1207 4206 Mo·
1313 4141 1317 4148 ’

121 4218 156 4268 ad
193 4223 382 4280 .2,12.A.'tt.
690 4223 747 4274 nuit
764 4221 892 4283 ὓιιιίιίιιι,
906 4231 1040 4336 praecincte²
1050 4222 1150 4337 lpppsio,
1167 4225 1207 4272 aas
