2909 4809
401 234 490 345 urs.
513 274 575 346 vr.
619 276 722 344 ons.
746 274 802 356 aa,
828 274 884 346 aa.
1131 277 1214 349 rar·

93 472 117 505 “
131 460 280 552 quietem
300 461 448 555 capiunt:
480 486 618 553 quarum
637 488 678 531 ex
697 464 840 565 vestigiis
860 486 961 552 quam
981 475 1030 531 est
1049 464 1197 533 unimoda
1305 462 1307 469 ’

91 561 265 617 “versum
287 574 308 616 a
321 551 538 628 venatoribus,
557 574 624 638 quo
645 575 680 617 se
703 574 847 641 recipere
868 552 1062 628 consuerint,
1083 572 1198 619 omnm·

91 650 116 679 “
133 661 175 703 eo
189 637 264 703 loeo
277 649 339 704 aut.
348 661 369 702 a
382 638 544 704 radicibus
556 638 730 714 subruunt,
745 648 803 703 aut
816 638 963 705 accidunt
975 640 1106 705 arbores
1121 652 1201 703 tau-0

89 735 113 766 “
132 736 220 800 tum,
235 736 275 789 ut
288 747 411 789 summa
423 724 543 811 species
556 746 668 789 earum
684 723 838 789 stantium
853 722 1067 813 relinquatur.
1115 724 1190 789 Huc

90 822 115 851 “
156 834 238 875 uum
251 834 285 876 se
299 810 529 876 consuetudine
550 808 789 884 reelimverint,
811 808 951 878 infirmas
964 812 1095 879 arbores
1103 832 1199 899 pcne-

89 908 114 939 “
130 834 210 961 dere
224 896 665 985 adfliguntatqueunaipsae
678 895 863 963 concidunt.
1196 910 1198 913 ’

135 983 194 1047 28.
219 982 407 1048 “Tertium
421 996 583 1072 estgenus
596 1005 720 1057 eorum,
766 982 799 1047 ui
815 984 866 1049 uri
880 982 1097 1071 adpellantur.
1144 982 1190 1049 Hi

88 1082 113 1111 ‘⁸
130 1080 211 1135 sunt
225 1068 447 1158 magnitudine
506 1069 573 1136 ullo
594 1069 677 1135 iufra
690 1071 763 1157 elep
805 1081 892 1145 ntos;
915 1071 1067 1159 speciest
1082 1068 1189 1134 colore

90 1168 169 1223 “et
195 1156 302 1245 figura
328 1157 426 1221 tauri.
461 1093 596 1244 fficgnu
614 1155 798 1223 viseerum
823 1169 857 1221 et
881 1180 996 1244 magna
1020 1156 1198 1222 velocitast·

91 1256 116 1286 “
134 1266 243 1331 neque
262 1242 394 1318 homini,
415 1265 519 1329 neque
541 1242 628 1318 ferae,
650 1264 748 1345 quam
778 1243 1012 1331 conspexerint,
1041 1254 1189 1331 parcunt.
1242 1248 1246 1257 '

91 1342 116 1374 “
137 1331 210 1397 Hos
239 1328 379 1398 studioee
404 1329 504 1396 foveis
531 1340 642 1417 captos
667 1327 892 1395 mterficiunt,
922 1329 995 1394 Hoc
1023 1329 1196 1395 saleborc

92 1417 260 1483 “durant
284 1415 425 1482 homiues
447 1414 659 1481 adolescentes
680 1428 780 1519 atque
803 1414 863 1483 hoo
885 1437 1001 1503 genere
1009 1416 1192 1481 -venationis

93 1516 118 1545 ‘⁴
135 1517 304 1577 exercent3
326 1513 372 1578 et,
389 1502 446 1588 qui
468 1502 624 1590 plurimos
643 1526 684 1567 ex
698 1502 747 1568 bas
768 1503 1011 1578 interfecerunt,
1034 1502 1143 1567 relatis
1159 1502 1198 1569 in‘

93 1603 118 1632 “
160 1590 306 1656 ublicum
328 1589 490 1664 cornibus,
513 1613 586 1675 quae
606 1589 671 1655 sint
693 1590 887 1665 testimonio,
911 1610 1060 1677 magnam
1082 1589 1202 1654 ferunt

94 1690 120 1721 “
134 1615 275 1743 budam.
321 1674 388 1740 Sed
412 1675 597 1741 adsuescere
623 1676 665 1740 ud
691 1675 832 1741 homines
858 1688 893 1741 et
917 1674 1128 1750 mansuefieri,
1153 1697 1192 1739 ne

94 1776 120 1806 ‘⁸
182 1762 269 1829 rruli
283 1762 414 1853 quidem
427 1762 565 1851 excepti,
584 1773 729 1851 ponunt.
777 1759 971 1850 Amplitudo
989 1784 1145 1827 cornuum
1159 1774 1193 1840 et

94 1863 119 1895 “
135 1789 247 1952 gun
273 1861 308 1915 et
336 1849 457 1938 species
486 1850 627 1915 multum
654 1872 674 1913 a
702 1862 886 1916 nostrorum
915 1849 1014 1914 boum
1043 1846 1196 1913 cornibus

94 1950 120 1982 ‘⁶
134 1938 275 2003 drffert..
305 1935 384 2001 Haec
398 1936 538 2001 studiose
551 1935 729 2037 conquisita
743 1936 785 2000 ab
796 1935 1045 2035 labrisargento
1059 1936 1194 1999 circum-

95 2036 120 2069 “
133 2024 273 2090 cludunt
286 2033 386 2109 atque
400 2022 434 2087 iu
447 2022 677 2111 amplissimus
703 2022 763 2087 ulis
777 2045 839 2111 pro
854 2021 977 2111 poculis
992 2023 1163 2087 utuntur.”

139 2111 195 2177 29.
221 2110 340 2185 Caesar,
367 2121 539 2199 postquam
563 2133 623 2198 per
648 2046 752 2175 Ubios
777 2109 997 2196 exploratores
1022 2106 1192 2197 comperit,

98 2202 227 2265 Suevos
251 2221 317 2262 sese
344 2195 377 2262 in
404 2196 498 2261 silvas
528 2197 694 2284 recepisse,
723 2196 865 2297 inopiam
885 2194 1039 2262 frumenti
1061 2194 1201 2270 veritus,

96 2285 200 2376 quod,
226 2298 265 2350 ut
293 2306 393 2372 supra
419 2282 717 2357 demonstravimus,
748 2282 876 2349 minime
904 2303 1012 2347 omnes
1040 2281 1201 2346 Germani

94 2369 309 2461 agriculturae
328 2370 470 2445 student,
492 2370 672 2446 constituit,
693 2392 758 2435 non
779 2368 932 2459 progredi
956 2367 1095 2456 longius:
1127 2368 1194 2445 sed,

97 2483 138 2525 ne
165 2457 294 2525 omniuo
320 2469 443 2522 metum
468 2456 590 2521 reditus
614 2457 664 2521 sui
687 2456 834 2521 barbaris
863 2456 1005 2530 tolleret,
1031 2479 1050 2519 a
1090 2478 1130 2519 ue
1157 2468 1214 2519 ut-

97 2569 215 2613 eorum
234 2543 354 2609 auxilia
373 2541 531 2618 tardaret,
559 2544 707 2609 reducto
723 2542 878 2620 exercitu,
900 2554 1026 2643 purtem
1047 2543 1194 2606 utimum

97 2632 222 2723 pontis,
274 2655 323 2696 uae
348 2629 435 2730 ripas
463 2628 627 2696 Ubiorum
653 2629 876 2717 contingebat,
903 2651 935 2693 m
958 2627 1192 2714 longitudinem

96 2718 219 2808 pedum
234 2655 293 2783 (llC
308 2715 474 2791 sesannia
495 2728 595 2803 atque
605 2718 642 2788 ,in
655 2726 800 2783 extremo
815 2727 914 2804 ponte
936 2712 1052 2780 turrim
1066 2712 1192 2778 tabula-
1211 2782 1213 2788 ,

97 2820 213 2908 torum
220 2818 363 2892 quatuor
370 2803 549 2878 constituit,
562 2802 808 2904 prasidiumque
818 2800 1001 2867 cohortium
1007 2798 1072 2865 Xll
1085 2799 1192 2887 pontis
1304 2804 1308 2819 ”

98 2890 215 2959 tuendi
243 2914 353 2956 mussa
382 2889 475 2978 ponit
503 2913 690 2978 magnisque
725 2913 799 2955 eum
829 2889 934 2954 locum
950 2886 1192 2975 ‘munitionibus

100 2978 219 3045 finnat.
264 2977 306 3043 Ei
327 2977 400 3044 loco
420 2976 633 3065 praesidioque
655 2977 695 3042 C.
714 2975 899 3043 Volcatium
917 2973 1050 3040 Tullum
1072 2972 1214 3039 adoles·-

100 3062 226 3133 centem
252 3063 409 3152 praefecit:
433 3064 514 3152 ipse,
538 3087 639 3150 quum
662 3075 874 3129 maturescere
898 3062 1060 3129 frumenta
1076 3060 1192 3147 incipe·

101 3164 187 3228 rent,
214 3150 256 3217 ad
281 3150 403 3215 bellum
428 3149 625 3237 Ambiorigis
650 3149 825 3239 profectus,
852 3149 925 3239 (per
948 3146 1191 3211 “Arduennam

101 3252 124 3282 ‘⁶
139 3240 265 3313 silvam,
282 3260 354 3325 quae
367 3248 415 3302 est
430 3236 530 3302 totius
546 3236 662 3303 Galliae
675 3237 812 3302 maxima
822 3248 923 3322 atque
937 3235 980 3302 ab
994 3233 1072 3322 ripis
1087 3230 1191 3297 Rheni

102 3405 172 3440 mere
188 3386 287 3453 praten
302 3402 361 3437 cum
377 3384 481 3437 Bruntio
493 3384 624 3434 Turnebus
672 3384 762 3435 lebrati
781 3392 897 3435 notantur
913 3384 1040 3435 cornibus.
1074 3382 1112 3433 De
1131 3382 1190 3433 aliis

103 3456 161 3505 adv.
172 3454 199 3514 3,
214 3456 251 3501 lt.
671 3468 697 3499 u.
716 3452 854 3501 Athenaeus
871 3453 909 3509 ll,
928 3467 956 3514 p.
967 3453 1024 3512 447,
1045 3450 1082 3511 (c.
1099 3452 1128 3497 51
1148 3449 1190 3497 ed.

72 3561 77 3576 ,
136 3521 223 3574 Quum
242 3515 470 3586 estrometudr'ne.
512 3515 624 3579 Scaliger
672 3515 829 3579 Schweigb.)

104 3582 436 3635 cummacounaeodd.
707 3584 841 3645 Comperit.
874 3580 951 3629 Redit
970 3580 1078 3632 narratio
1099 3579 1132 3627 ad
1150 3592 1191 3636 ea,
1215 3610 1218 3617 -

141 3652 195 3706 Uri,
212 3648 371 3697 Aeeruchsea.
404 3645 488 3693 Etiam
506 3644 624 3695 Linum
670 3648 1033 3710 quoecap.10.toeptaerant.
1052 3646 1088 3693 Μ.

105 3712 244 3764 numeravit
260 3710 333 3761 bovis
348 3710 414 3759 tauri
430 3709 624 3759 varietatemal-
705 3713 823 3775 Inopiam
847 3710 969 3773 fromn·
996 3714 1095 3759 sarna.
1139 3706 1190 3755 Dio

104 3788 184 3829 teram
193 3778 352 3826 busentum.
370 3776 408 3824 Μ.
440 3774 544 3824 Dentis
557 3775 623 3824 Pliu.
671 3776 691 3825 Ι.
701 3780 742 3835 40,
760 3778 800 3824 82.
832 3776 927 3825 Suevos
944 3776 1049 3825 veritum
1066 3772 1190 3821 Casurum

105 3846 123 3893 1.
132 3860 156 3892 c.
165 3851 193 3892 et
203 3842 298 3891 Seneca
308 3842 333 3889 iu
345 3840 451 3903 liippol.
462 3842 502 3888 6⁵.
516 3843 624 3905 meapte
671 3842 756 3900 trudit,
766 3841 834 3904 quod
846 3840 928 3890 miuus
940 3838 1083 3904 probabile.

100 3908 341 3975 sestrornibnsnrr'.
706 3909 801 3967 Sapra.
834 3904 959 3955 Cs.c.22.
976 3907 1015 3953 Μ.
1197 3954 1202 3965 ,

138 3976 243 4023 naam
261 3975 382 4021 Ιιυωὸωε.
414 3970 445 4018 'ri
465 3972 576 4019 hommes
597 3969 624 4019 iu
705 3973 811 4021 Mirum
836 3986 927 4019 omnes.
970 3969 1072 4033 Lipsius
1092 3966 1198 4029 reponit

105 4039 252 4089 aliisdeest.
672 4042 794 4088 omnium.
827 4036 945 4085 Oudend.
965 4034 1050 4085 mullet
1071 4034 1191 4083 bamma.

138 4106 190 4155 Pro
203 4103 301 4167 poculis
314 4108 430 4151 ruamur.
461 4097 587 4163 Frequens
602 4096 624 4147 is
673 4098 988 4151 Graeouseocemomittit.

107 4168 355 4233 umupudveteres.
388 4164 624 4213 Notasuntcomua
706 4168 793 4229 Ripae.
809 4166 954 4229 aliirtpam.

106 4249 207 4285 exsuro
223 4240 250 4279 et
264 4239 366 4295 urgento
378 4239 477 4293 reperta
495 4228 624 4289 inDcniu,
705 4232 807 4280 Bellum
820 4231 976 4295 Acutior-ipis.
1002 4229 1040 4279 Cf.
1052 4234 1140 4293 capt.
1153 4226 1191 4277 Μ.

107 4298 239 4364 dequibus
251 4295 398 4355 Jacobaeus,
412 4294 551 4355 wormius,
567 4293 624 4343 alii.
706 4296 758 4345 Per
766 4296 931 4347 Arduennam
943 4296 1192 4357 eduum-putet.

108 4368 133 4417 lu
143 4364 214 4417 iustis
224 4360 402 4413 Runicislesti
419 4360 474 4412 dies
489 4358 623 4425 epulisce·
673 4359 736 4412 Hoc
753 4360 949 4415 verbulorum
966 4375 1017 4413 uon
1035 4366 1092 4411 suut
1108 4372 1123 4407 a
1139 4355 1198 4405 Cre«
