2909 4809
242 242 308 330 628
408 247 450 348 A.
475 241 627 364 nterii
651 243 715 315 Du
739 243 891 330 BELLO
914 243 1174 316 AFRICANO.

175 496 181 504 .
264 457 306 500 ne
315 432 583 504 interficerentur.
629 434 745 524 Itaque
761 435 782 502 ii
797 457 905 504 omnes
919 434 1079 526 Scipionis
1091 435 1223 514 milites,
1239 459 1351 528 quum

239 457 336 588 ddem
370 523 503 589 Omaris
532 523 742 612 inplorarent,
777 525 973 612 inspectante
1000 525 1072 614 ipso
1102 523 1228 592 cesare
1256 537 1295 591 et
1328 550 1351 590 a

240 608 397 760 militibm
418 609 625 700 deprecante,
649 611 694 677 eis
714 611 764 678 uti
789 623 970 700 parcerent,
996 611 1039 676 ad
1062 634 1164 678 uuum
1189 624 1270 680 sunt
1296 611 1348 678 iu-

243 707 295 762 ter
309 697 381 762 ecti.

281 781 335 848 86.
359 783 468 851 Οωι·
481 786 575 852 trinis
594 784 708 852 cestris
728 785 864 874 potitus,
885 785 1060 872 occisisque
1074 782 1216 850 hostium
1230 783 1348 851 decem

237 866 365 937 milibus
394 871 578 962 fugatisque
611 873 844 961 compluribus,
873 895 906 938 se
936 873 1072 961 recepit,
1102 871 1346 974 quinquaginta

236 954 392 1024 militibus
405 959 536 1035 amissis,
557 960 668 1049 paucis
680 959 805 1036 sauciis,
820 960 853 1026 iu
868 971 974 1026 castra
987 958 1149 1025 aestatim
1168 981 1208 1024 ex
1224 958 1346 1029 itinere

133 1066 136 1075 ’
236 1055 313 1108 aute
327 1044 483 1134 oppidum
497 1045 661 1135 Thapsum
675 1048 832 1122 constitit,
851 1045 1105 1136 elephantosque
1120 1043 1232 1110 LXIV
1248 1069 1345 1112 orna·

190 1199 198 1210 .
236 1140 288 1196 tos
299 1145 503 1220 armatosque
513 1157 585 1198 cum
596 1133 743 1200 turribus
754 1133 1012 1220 ornamentisque
1026 1133 1127 1221 capit,
1139 1143 1253 1220 captos
1265 1145 1343 1200 ante

235 1240 279 1318 op
303 1216 392 1283 idum
415 1218 587 1286 instructos
600 1216 786 1285 constituit:
809 1221 843 1288 id
857 1220 918 1286 hoc
933 1219 1077 1295 consilio,
1095 1219 1122 1284 si
1136 1231 1246 1307 posset
1264 1219 1340 1284 Vir-

236 1241 346 1406 gilius,
370 1306 491 1392 quique
515 1330 590 1372 curn
604 1329 643 1371 eo
657 1307 903 1384 obsidebantur,
926 1307 973 1372 rei
987 1306 1071 1372 male
1086 1320 1185 1396 gestae
1206 1329 1343 1382 suorum

235 1391 353 1458 indicio
365 1415 385 1456 a
396 1391 573 1480 pertinacia
582 1393 709 1458 deduci.
746 1394 872 1460 Deinde
888 1396 898 1459 i
937 1419 954 1458 e
969 1393 1146 1482 Virgilium
1157 1392 1342 1482 adpellavit

234 1478 450 1566 invitavitque
470 1479 511 1547 ad
525 1479 724 1548 deditionem
737 1505 893 1570 suamque
899 1419 1075 1546 ilemtatem
1089 1493 1123 1546 et
1138 1479 1341 1546 clementiam

234 1565 506 1634 commemoravit.
562 1567 669 1643 Quem
697 1580 868 1656 postquam
895 1567 1121 1634 animadvertit
1150 1589 1340 1669 responsum

232 1651 295 1719 sibi
320 1675 383 1720 non
408 1651 499 1730 dare,
526 1655 568 1720 ab
591 1655 712 1744 oppido
734 1641 873 1722 r'ecessit.
919 1654 1055 1720 Postero
1077 1653 1143 1730 die,
1168 1653 1293 1720 Divina
1307 1679 1342 1720 re

234 1739 332 1816 facta,
356 1741 507 1809 concione
525 1742 694 1820 advocata,
718 1743 752 1808 iu
774 1755 948 1832 conspectu
962 1740 1204 1832 oppidanorum
1217 1741 1340 1807 milites

233 1827 424 1894 conlaudat:
448 1841 618 1916 totumque
633 1829 811 1905 exercitum
827 1841 1015 1896 veteranum
1034 1829 1182 1908 donavit,
1205 1827 1340 1918 praemia

232 1911 404 1983 fortissimo
427 1915 544 2002 cuique
565 1939 602 1982 ae
624 1917 707 1984 bene
730 1917 866 1983 merenti
889 1939 949 2006 pro
971 1927 1127 2006 suggestu
1143 1915 1278 1982 tribuit:
1302 1938 1339 1982 ae

231 2002 341 2076 statim
352 2001 426 2068 inde
441 2002 613 2092 digressus,
629 2004 749 2070 Rebilo
765 2003 958 2070 Proconsule
972 2027 1046 2068 cum
1059 2003 1164 2068 tribus
1175 2001 1216 2068 ad
1230 2001 1340 2090 Thap-

231 2111 303 2161 sum
317 2088 499 2177 legionibus
512 2103 548 2155 et
562 2091 623 2157 Cn.
639 2091 784 2157 Domitio
799 2115 873 2158 cnm
887 2091 1012 2157 duabus
1025 2089 1159 2166 Tisdrae,
1175 2089 1233 2154 ubi
1250 2091 1338 2156 Con-

230 2176 329 2244 sidius
346 2191 499 2265 praeerat,
523 2178 567 2244 ad
589 2177 802 2244 obsidendum
817 2178 948 2255 relictis,
975 2177 1025 2242 M.
1044 2175 1185 2242 Messala
1201 2176 1336 2242 Uticam

129 2311 134 2322 .
232 2275 308 2328 ante
341 2263 479 2330 remisso
493 2287 568 2329 cum
580 2265 744 2366 equitatu,
759 2267 827 2354 ipse
840 2265 951 2332 ecdem
962 2265 1025 2331 iter
1037 2263 1142 2329 fecere
1154 2261 1335 2346 contendit.

276 2349 296 2412 8
322 2397 330 2412 .
354 2348 491 2451 Equites
519 2350 648 2417 interim
677 2353 732 2417 Sci
757 2353 847 2430 ionis,
876 2353 932 2442 qui
961 2375 1001 2418 ex
1025 2351 1147 2454 proelio
1170 2351 1336 2440 fugerant,

231 2457 334 2588 quum
350 2436 482 2502 Uticam
503 2460 614 2503 versus
636 2438 699 2504 iter
724 2377 880 2516 dicerem,
903 2451 1096 2529 perveniunt
1118 2437 1160 2504 ad
1178 2437 1337 2527 oppidum

262 2522 378 2590 erudas.
425 2524 494 2591 Ubi
509 2548 611 2613 quum
633 2527 675 2592 ab
690 2525 802 2594 ineolis
822 2551 886 2594 non
903 2526 1138 2616 reciperentur,
1159 2523 1232 2592 ideo
1247 2521 1338 2611 quod

231 2611 318 2678 hmo
331 2609 374 2682 de
388 2610 527 2684 victoria
542 2611 676 2679 cesaris
691 2613 968 2703 praecucurrisset;
990 2613 1023 2679 vi
1038 2612 1159 2701 oppido
1174 2611 1284 2702 potiti,
1300 2611 1335 2676 in

231 2699 337 2775 medio
351 2698 423 2765 foro
443 2699 542 2790 signis
566 2702 760 2769 coacervatis
782 2701 996 2788 omnibusque
1011 2699 1110 2766 rebus
1129 2721 1243 2764 eorum
1262 2720 1340 2764 con-

231 2785 342 2874 gestis,
363 2786 470 2876 ignem
492 2787 669 2877 subjiciunt
690 2801 790 2876 atque
811 2789 881 2878 ejus
904 2787 1018 2876 oppidi
1042 2785 1161 2852 incolas
1181 2784 1338 2886 cujusque

231 2873 356 2961 generis
368 2873 536 2961 aetatisque
556 2875 647 2941 vivos
668 2876 822 2942 constrict
882 2898 922 2939 ue
940 2875 974 2940 in
988 2873 1148 2940 flammam
1161 2871 1339 2960 conjiciunt

231 2973 333 3062 atque
354 2961 401 3026 ita
422 2961 624 3029 aceibissimo
651 2961 807 3028 adficiunt
835 2986 872 3027 su
897 2961 1008 3051 plicio:
1043 2959 1159 3026 deinde
1187 2957 1340 3046 protinus

233 3045 366 3135 Uticam
389 3047 592 3137 perveniunt.
638 3049 816 3138 Superiore
840 3061 984 3138 tempore
1010 3047 1060 3113 M.
1078 3046 1175 3122 Cato.
1197 3041 1286 3134 qu⁰d
1302 3042 1338 3109 ln

231 3273 387 3338 quibusdam
398 3275 523 3337 minutiis,
538 3275 702 3340 neglectoque
712 3293 757 3326 eo·
842 3279 952 3328 Recessit.
986 3275 1039 3326 Alii
1057 3277 1173 3334 dicerni,
1186 3271 1257 3338 quod
1267 3285 1336 3335 pre·

233 3353 290 3389 rum
299 3339 403 3399 indicio,
415 3341 480 3390 unde
490 3343 522 3391 de
532 3350 585 3392 tots
594 3357 620 3390 re
628 3340 756 3407 judicium
806 3343 888 3392 lemni
896 3343 987 3392 Clade
997 3351 1023 3392 et
1032 3341 1099 3391 Oud.
1109 3339 1170 3417 quia
1179 3338 1262 3388 Cesar
1274 3350 1335 3399 pro-

232 3403 292 3454 ierri
313 3416 410 3470 posset,
426 3423 481 3456 esse
500 3408 630 3466 ellectum,
657 3416 757 3458 utnon
805 3408 923 3471 grediens·
931 3407 1020 3458 urbem
1032 3407 1136 3470 reliquit
1146 3404 1287 3454 obsessam.

233 3468 284 3518 nisi
296 3471 392 3535 aliquid
409 3473 440 3521 de
455 3472 504 3522 hoc
517 3471 608 3537 proelio
619 3485 756 3536 cognosce·
842 3474 938 3524 Rebilo.
972 3471 1023 3522 Alii
1038 3474 1150 3530 meum,
1170 3469 1335 3526 Rebffloselss·

231 3549 326 3586 remus.
343 3538 382 3587 M.
807 3537 889 3588 Notus
906 3542 935 3590 C.
955 3541 1074 3590 omousi
1092 3538 1206 3596 Rebilus,
1224 3531 1337 3596 tepeo

270 3605 388 3654 Iiomsses
399 3605 497 3654 milites.
530 3605 557 3654 ln
573 3602 649 3654 variis
662 3604 720 3654 edd.
740 3605 759 3654 ii
808 3603 834 3654 iu
846 3603 939 3654 Gallia.
950 3603 981 3653 G.
993 3606 1018 3664 t,
1029 3607 1068 3652 83.

235 3668 393 3721 maledocti.
841 3671 1001 3720 Proconsule.
1018 3669 1179 3718 clade-80.
1197 3665 1236 3716 H.
1295 3727 1302 3738 Ι

269 3737 354 3788 Tristis
364 3737 450 3784 cauffo
469 3733 579 3796 Arrenii,
599 3733 683 3792 subc,
699 3731 757 3783 Sci·
844 3737 940 3786 Uticam
950 3761 983 3771 -
993 3735 1125 3784 commedit.
1141 3730 1251 3781 Ardebat
1260 3743 1334 3778 emm

252 3799 327 3850 ionis.
358 3801 490 3850 Plutarch.
504 3801 530 3849 d.
539 3801 557 3848 1.
572 3800 609 3849 sic
621 3798 778 3854 describitr,
805 3801 892 3850 Caessr
909 3799 1051 3864 cupiditate
1062 3797 1176 3856 Catonis,
1192 3793 1333 3860 quiUticre

231 3813 756 3930 lcipiocemconcisiceediscumuont.
806 3875 920 3930 praeerat,
928 3857 1333 3928 vivicapiendi(Plutarch.Caes.

231 3933 330 4045 itii
346 3929 755 4058 ii‘tltiitiiiitii‘i
804 3923 1333 4060 &Antistii‚Utitttt‘tii

231 4059 244 4121 (
261 4061 312 4109 uod
324 4061 418 4114 hetam
432 4032 494 4113 esse,
503 4070 558 4110 turn
574 4061 680 4121 videtur,
695 4075 754 4110 cum
775 4076 793 4126 .‘
804 4069 830 4112 et
841 4061 891 4110 Dic
903 4059 1057 4120 cessissit,
1072 4059 1120 4118 10).
1141 4059 1177 4106 rs.

229 4125 254 4174 'l‘
289 4143 363 4190 psum
374 4127 464 4188 movit,
475 4143 533 4192 esp.
543 4129 584 4176 ts.
595 4135 659 4176 extr.
670 4135 753 4175 cestra
838 4127 959 4177 Parada.
992 4125 1045 4176 Alii
1065 4123 1205 4175 rmum.
1238 4115 1335 4170 Strtbo

230 4205 293 4241 vero
310 4190 427 4241 videntur
446 4191 564 4255 intelligi,
586 4193 651 4240 unde
673 4190 754 4255 pridie
803 4191 819 4242 l.
836 4193 874 4242 l'l.
891 4209 917 4258 p.
928 4195 986 4244 8³1.
1007 4189 1088 4261 fagis,
1105 4189 1195 4240 Celsus
1212 4183 1334 4241 Pardua

231 4265 301 4307 eram
311 4256 415 4320 egressi.
426 4271 451 4306 c.
462 4259 503 4306 88.
513 4255 588 4316 extr.)
601 4257 639 4307 ΓΙ.
805 4266 887 4308 vocnt.
