2909 4809
383 201 386 209 ’
463 241 621 314 urant.
665 241 931 358 orama.
1173 247 1242 319 aar

141 429 463 521 persceiusviolatis
473 457 564 499 suam
585 434 745 500 virtutem
760 435 872 500 inrisui
898 436 967 501 fore
993 435 1241 523 perdoluerunt,

142 518 248 606 quod,
263 519 349 586 unde
363 543 465 609 agger
479 522 608 587 omnino
634 523 822 609 conportari
843 537 961 612 posset,
983 523 1063 586 nihil
1085 539 1154 590 erat
1169 529 1242 592 reli·
1294 581 1301 601 .

142 625 263 706 quum:
285 606 435 673 omnibus
458 607 633 674 arboribus
658 608 755 697 longe
778 610 908 697 lateque
935 609 968 674 in
991 603 1108 675 finibus
1130 613 1243 679 Masai-

138 690 288 759 lrensium
301 693 414 759 excisis
435 705 471 760 et
485 695 657 771 convectis,
684 707 876 784 “aggerem
901 695 975 760 novi
998 698 1123 784 generis
1142 713 1243 787 atque

100 785 108 791 ”
141 788 166 824 “
180 779 364 846 inauditum
378 794 418 846 ex
432 780 581 845 lateritiis
594 781 722 847 duobus
736 783 850 856 muris,
876 805 987 848 senum
1002 784 1119 870 pedum
1132 788 1242 851 crassi-

139 874 165 908 “
180 866 306 943 tudine,
321 880 422 955 atque
437 889 550 932 eorum
560 890 728 934 murorum
743 869 1014 957 contignationem
1028 869 1133 936 iacere
1153 872 1241 938 insti-

139 964 166 994 “
180 943 330 1030 tneiunt,
352 977 444 1042 aequa
470 955 540 1020 fere
564 954 750 1030 latitudine,
773 968 873 1042 atque
894 955 950 1020 ille
977 957 1185 1044 congestitius
1199 980 1240 1026 ex

138 1049 165 1085 “
180 1041 316 1106 materia
336 1041 444 1106 fuerat
467 1063 579 1142 agger.
625 1041 695 1108 Ubi
709 1053 768 1106 aut
782 1043 924 1131 spatium
945 1043 1031 1109 inter
1045 1066 1166 1120 muros,
1181 1060 1241 1113 aut

139 1125 375 1193 “inbecillitas
388 1139 530 1194 materiae
543 1125 709 1217 postulare
724 1127 905 1204 videretur,
935 1129 1011 1218 pilae
1026 1129 1239 1220 interponun-

139 1225 164 1254 “
179 1224 248 1291 tur,
269 1215 499 1280 transversaria
521 1215 546 1280 ti
571 1237 613 1280 na
632 1213 834 1302 injiciuntur,
857 1239 931 1303 quae
953 1214 1153 1284 firmamento
1173 1243 1239 1286 esse

137 1311 164 1344 ‘⁶
179 1299 322 1388 possint:
345 1313 392 1380 et,
405 1239 570 1389 quidquid
577 1313 626 1366 est
646 1301 882 1390 contignatum‚
906 1302 1052 1368 cratibus
1067 1307 1241 1372 consterni·

139 1399 164 1430 ‘⁶
178 1400 236 1452 tur
249 1398 420 1475 cratesque
433 1387 505 1453 luto
522 1389 554 1453 in
612 1390 743 1453 untur.”
790 1389 861 1456 Sub
877 1402 963 1455 tecto
978 1389 1081 1464 miles,
1106 1391 1240 1460 dextera

137 1497 177 1540 ac
189 1457 318 1540 sinistra
331 1482 425 1541 'muro
440 1399 721 1554 tectusjllversus
745 1475 850 1564 plutei
868 1476 1010 1564 objectu,
1037 1477 1129 1566 operi
1152 1503 1240 1568 quae-

136 1583 276 1647 cumque
300 1561 373 1627 usui
400 1573 488 1636 sunt,
513 1561 582 1627 sine
606 1560 750 1650 periculo
774 1561 957 1650 subportat.
1005 1563 1166 1630 Celeriter
1184 1589 1236 1633 res

137 1646 400 1716 administratur:
423 1647 569 1715 diuturni
596 1647 717 1713 laboris
738 1647 967 1713 detrimentum
981 1649 1111 1714 solertia
1123 1663 1157 1716 et
1172 1655 1240 1718 vir.

136 1745 211 1802 tute
230 1734 372 1801 militum
386 1735 481 1801 brevi
494 1735 759 1802 reconcinnetur:
784 1747 899 1822 portae,
922 1734 1042 1822 quibus
1056 1735 1134 1803 locis
1150 1739 1239 1804 vide-

135 1832 206 1896 tor,
221 1820 400 1910 eruptionis
415 1845 523 1890 caussa
536 1822 571 1888 in
584 1844 679 1888 muro
692 1821 934 1910 relinquuntur.

182 1906 233 1972 16.
259 1907 357 1986 Quod
386 1908 444 1973 ubi
470 1907 576 1973 hostes
606 1908 770 1984 viderunt,
800 1931 849 1983 ea,
878 1931 951 1995 quae
980 1907 1039 1974 diu
1061 1906 1238 1997 ‘longoque

137 1994 422 2084 spatioreficinon
436 2019 529 2083 posse
543 2007 751 2085 sperassent,¹
792 2017 928 2062 ucorum
949 1993 1076 2059 dierum
1087 2019 1188 2095 opera
1203 2009 1237 2062 et

133 2079 248 2148 labore
261 2080 308 2146 ita
320 2082 455 2157 refecta,
482 2094 520 2150 ut
540 2082 650 2148 nullus
665 2017 808 2182 perfidia
829 2105 934 2170 neque
961 2081 1127 2170 eruptioni
1148 2083 1237 2148 lucus

135 2181 230 2244 earet,
256 2191 363 2256 neque
386 2169 566 2271 quidquam
589 2191 719 2236 ommno
745 2168 998 2257 relinqueretur,
1026 2192 1091 2256 quo
1118 2181 1176 2236 aut
1202 2171 1237 2236 vi

134 2255 305 2333 militibus,
318 2269 377 2322 aut
391 2257 458 2345 igni
469 2256 622 2346 operibus
636 2257 747 2346 noceri
760 2268 883 2356 posset;
900 2255 1077 2343 eodemque
1086 2257 1235 2344 exemplo

133 2343 290 2419 mutiunt,
314 2354 418 2408 totam
431 2344 559 2420 urbem,
574 2367 640 2432 qua
662 2343 706 2410 sit
719 2343 826 2408 aditus
847 2343 890 2408 ab
901 2356 1006 2430 terra,
1028 2365 1123 2408 muro
1139 2345 1238 2410 turri-

134 2427 262 2531 busque
275 2429 438 2496 circumiri
451 2453 553 2519 posse,
577 2433 634 2506 aie,
659 2443 698 2496 ut
711 2429 789 2518 ipsi·
802 2429 995 2504 consistendi
1009 2428 1042 2493 in
1056 2428 1121 2494 suis
1134 2431 1237 2495 muni-
1343 2495 1350 2513 .

133 2516 280 2582 tiombus
294 2517 384 2582 locus
397 2539 463 2582 non
474 2530 568 2592 esset,
607 2540 686 2582 uum
700 2540 791 2605 paene
814 2516 1003 2581 inaedificata
1030 2516 1062 2580 in
1078 2517 1178 2581 muris
1191 2517 1235 2584 ab

133 2602 281 2669 exercitu
293 2616 404 2669 nostro
417 2604 533 2669 moenia
546 2543 737 2668 viderentur
751 2627 789 2668 ac
802 2602 867 2666 tela
878 2624 974 2666 manu
985 2601 1234 2689 conjicerentur,

134 2711 331 2777 suorumque
346 2703 584 2759 tormentorum
598 2713 703 2764 usum,
726 2687 847 2774 quibus
862 2688 924 2776 ipsi
947 2709 1063 2773 magna
1078 2689 1235 2788 speravis-

132 2789 218 2853 aent,
241 2777 349 2865 spatio
396 2777 491 2864 ropin
515 2777 626 2842 uitatis
655 2775 808 2848 interire;
832 2775 970 2862 parique
993 2771 1177 2839 conditione
1190 2797 1234 2844 er

132 2883 230 2929 muro
243 2886 281 2928 ac
295 2801 443 2930 turribus
517 2862 603 2928 laudi
625 2861 714 2938 data,
738 2861 863 2929 virtute
877 2884 910 2926 se
925 2858 1041 2925 nostris
1061 2859 1230 2948 adaequare

171 3075 325 3128 hamane
358 3077 447 3127 Plures
465 3077 562 3126 malunt
572 3078 661 3127 altitu-
707 3075 829 3124 docuerat
837 3071 972 3124 Cellarius.
1004 3073 1031 3123 Si
1049 3091 1108 3139 ergo
1126 3079 1231 3128 ruinosa

134 3137 203 3192 dtu.
219 3143 259 3190 M.
704 3143 881 3190 reconcinnare
897 3138 997 3199 dicitur,
1014 3139 1066 3188 dici
1083 3139 1162 3188 etiarn
1184 3158 1231 3204 po-

170 3208 346 3272 Cuapertttr'ra.
362 3207 405 3257 Sic
412 3206 480 3256 Oud.
488 3205 658 3255 beneecodd.
706 3213 755 3253 test
774 3205 952 3254 deonantum
969 3208 1150 3263 recondimur,
1169 3206 1230 3269 quia

135 3268 223 3336 Vulgo
233 3281 369 3337 conpertam.
706 3269 887 3318 detrimentum
907 3268 933 3317 h.
952 3269 970 3317 l.
986 3277 1025 3317 eat
1039 3269 1231 3332 detrimentum,

171 3339 223 3386 Aut
248 3341 368 3403 mium.
400 3337 544 3402 legebatur
564 3341 659 3392 amaa,
706 3335 778 3384 ruina
788 3343 924 3397 acceptum
934 3333 997 3393 (den
1009 3334 1123 3382 Sotaden
1132 3335 1232 3384 amber-

136 3403 182 3451 aed
193 3418 210 3450 e
219 3403 296 3450 codd.
306 3411 333 3451 et
342 3404 399 3452 edd.
412 3413 463 3452 vet.
473 3401 658 3451 emendandum
704 3402 785 3456 rem).
802 3401 840 3446 M.
874 3398 939 3446 Seal.
952 3398 1004 3461 jam
1017 3397 1096 3446 habet
1106 3403 1231 3449 macariu-

132 3466 353 3517 aaaaitclarkius.
368 3468 489 3518 Correxit
498 3467 565 3515 Oud.
705 3472 792 3515 natur.
810 3463 848 3511 Ti
863 3465 1039 3512 reconciliatur
1054 3463 1230 3528 metaphoram

165 3533 245 3581 Maro
264 3538 349 3582 tectus.
384 3531 414 3580 'rr'
433 3540 509 3582 tectae
527 3532 658 3581 abundare
706 3529 785 3580 babet
794 3528 827 3577 ab
837 3527 961 3578 amicitia.
1207 3551 1227 3561 ’-

135 3596 225 3646 atatuit
235 3596 374 3647 Marciand.
382 3614 406 3663 p.
416 3601 474 3647 268.
493 3598 586 3645 Verum
595 3608 658 3644 cou·
741 3595 811 3648 erod
819 3595 872 3642 aba.
882 3593 956 3642 [eid.
967 3598 991 3640 2.
1011 3593 1061 3642 Sed
1067 3597 1118 3644 abi.
1132 3592 1228 3646 Verum

133 3661 302 3712 maenuba·
323 3663 398 3712 codd.
423 3661 579 3712 abunchntia
605 3674 657 3709 non
704 3660 770 3773 aad
787 3673 964 3722 nonnunquam
986 3659 1092 3707 eandem
1109 3657 1160 3708 vim
1181 3659 1230 3710 ha·

134 3735 220 3777 uocet
252 3727 365 3777 Proaub
383 3728 509 3778 tectualii
526 3728 658 3785 noum,
741 3722 1093 3784 t,utuotatManut.adh.i.

135 3792 206 3858 quod
220 3791 430 3855 placetGrutero.
738 3790 956 3838 Aditraabtma.
988 3787 1057 3837 Male
1068 3797 1127 3852 port
1144 3789 1229 3840 aditur

169 3857 304 3917 numm,
320 3857 435 3907 aironte.
452 3859 489 3906 Μ.
703 3854 803 3918 virgula
813 3854 918 3902 locatur.

168 3923 377 3972 Reconcirtmcr.
466 3933 491 3970 te
507 3923 568 3982 hoc,
585 3918 659 3984 quis·
740 3923 885 3969 Circumire.
903 3918 944 3967 Sic
956 3919 1032 3967 codd.
1054 3918 1099 3966 Ast
1107 3919 1164 3968 edd.
1175 3931 1228 3972 vet.

133 3985 291 4050 quiescerit,
301 3988 414 4052 reposuit
443 3985 657 4036 rovitiosacodi·
703 3987 887 4042 circumveniri,
901 3982 1187 4046 quodrecepitCIarke.

134 4065 194 4102 cun
204 4052 321 4101 omnium
331 4053 449 4113 tectione,
457 4067 515 4116 quae
525 4061 564 4101 eet
572 4067 658 4100 recou-
739 4052 815 4099 Poene
825 4047 938 4108 inoedtfic.
949 4073 983 4083 -
992 4053 1093 4096 meniu.
1127 4049 1226 4100 Moenia

132 4119 247 4167 afflatam
276 4117 342 4166 Nam
352 4122 529 4168 rewmmnare
541 4116 566 4165 in
577 4116 657 4164 edid-
705 4113 815 4162 bostium
833 4114 943 4161 lateritia
964 4115 1000 4172 (c.
1026 4115 1067 4172 15)
1088 4113 1123 4162 ita
1144 4131 1225 4179 prope

134 4181 216 4232 undo
241 4181 304 4246 peni
349 4198 376 4233 ro
404 4183 533 4241 resarcire,
553 4181 656 4230 reticere
704 4194 791 4228 muros
828 4177 899 4225 urbis
933 4177 1100 4228 Massiliensis
1132 4189 1228 4230 structa'

133 4249 307 4312 contemnes
317 4199 373 4299 (iic.
382 4249 414 4300 ad
425 4246 477 4307 Qu.
486 4248 560 4308 Fut,
570 4249 593 4296 6.
602 4247 655 4310 jam
704 4251 785 4305 erant,
795 4252 824 4295 ut
833 4259 878 4293 eos
887 4242 938 4294 iere
947 4251 1083 4308 tangerent
1100 4245 1137 4293 Μ.

1074 4320 1097 4373 Y
