2909 4809
221 256 284 327 132
375 274 386 281 ·
524 258 589 329 DE
611 257 763 329 BELLO
786 256 1005 331 GALLIOO.

213 442 383 533 coepiseett
404 457 564 515 armatum
585 445 756 515 concilium
777 446 901 530 indicit,
927 446 1001 535 (boc
1024 464 1113 513 more
1135 440 1312 513 Gallorum

214 542 265 597 eet
278 531 405 634 initium
422 533 528 621 beili)
548 558 615 623 quo
634 536 708 625 iege
730 538 889 603 communi
910 558 1018 601 omnes
1036 533 1174 623 puberes
1188 532 1310 599 armati

215 638 388 686 cenvemre
410 634 624 697 eomuerunt3
647 624 706 710 qui
732 646 771 689 es
793 624 831 691 iis
849 623 1035 689 novissimus
1058 619 1159 697 venit,
1182 620 1216 685 in
1230 641 1309 685 con·

291 715 329 770 tu
353 706 570 775 multitudinis
595 710 742 775 omnibus
764 708 959 776 cmciatibus
989 706 1135 773 adfectus
1160 716 1309 771 necatur.

233 812 257 855 n
277 812 319 857 eo
340 793 477 864 concilio
503 795 759 886 Cingetorigem,
787 795 920 861 alterins
943 793 1121 879 principem
1147 791 1309 867 factionis,

213 897 372 965 generum
383 902 490 959 suum,
511 883 629 969 (quum
637 898 737 974 supro
755 870 1055 952 demonstravimus,
1072 876 1205 943 Oaesaris
1217 900 1310 942 secu·

213 975 286 1030 tum
306 962 416 1044 fidem,
436 970 481 1035 ab
502 990 542 1029 co
565 982 628 1029 non
649 959 851 1049 discessisse)
867 961 991 1027 hostem
1010 962 1134 1051 judicat
1157 964 1309 1069 bonaque

212 1049 282 1138 ejus
296 1052 453 1139 publicat.
499 1050 560 1116 His
582 1046 678 1111 rebus
701 1047 865 1125 confectis,
889 1050 921 1115 in
945 1049 1079 1114 concilio
1100 1064 1309 1137 pronunciat,

212 1136 398 1203 amessitum
411 1160 445 1202 se
454 1160 475 1203 s
488 1132 669 1201 Senonibus
681 1145 715 1198 et
727 1133 928 1203 Carnutibus
936 1134 1070 1223 aliisque
1083 1134 1308 1224 compluribus

169 1270 173 1278 ·
213 1220 329 1290 Gallie
356 1222 554 1296 civitatibus,
579 1219 644 1285 hnc
666 1219 731 1285 iter
754 1222 919 1289 iacturum
942 1245 1001 1310 per
1021 1221 1098 1287 fines
1115 1222 1305 1303 Remorum,

167 1352 170 1357 -
210 1328 389 1397 eommque
403 1332 499 1399 agros
511 1305 746 1395 populaturum
760 1331 799 1373 ec
819 1309 920 1399 prius,
968 1330 1042 1374 uam
1056 1308 1090 1373 id
1113 1308 1221 1391 faciat,
1247 1310 1308 1376 La·
1333 1360 1340 1365 -

214 1390 302 1463 bieni
316 1407 425 1462 castra
435 1396 720 1481 obpugnatum-2
746 1418 819 1498 quse
833 1395 905 1463 fieri
919 1418 959 1461 ve
974 1397 1011 1473 ἰ,
1026 1395 1184 1485 praecipit.

255 1480 309 1545 57.
334 1480 505 1556 labienus,
525 1502 628 1568 quum
648 1491 683 1545 et
704 1481 769 1547 loct
782 1495 898 1549 nutura
916 1494 951 1549 et
972 1504 1069 1548 nnnu
1092 1482 1311 1550 munitimimis

211 1567 324 1633 eastris
334 1585 402 1629 sese
414 1576 551 1642 teneret,
567 1566 610 1633 de
623 1588 682 1632 suo
696 1590 734 1633 ac
749 1568 1044 1659 legionispericulo
1059 1567 1138 1634 nihil
1150 1569 1286 1635 timebat
1299 1593 1309 1647 ;

210 1670 364 1737 nequam
375 1652 571 1718 occasionem
583 1654 631 1719 rei
654 1654 738 1719 bene
752 1655 901 1743 gerendo
915 1654 1115 1735 dimitteret,
1129 1678 1168 1721 co
1193 1656 1309 1722 tabat.

94 1760 98 1765 ·
212 1736 331 1838 {toque
344 1758 365 1801 s
378 1736 588 1829 Cingetorige
603 1752 704 1827 atque
719 1740 788 1892 egos
822 1741 989 1831 ropinquis
999 1742 1144 1808 oratione
1160 1678 1309 1807 lffldutio·

212 1844 294 1889 mars
308 1823 449 1913 cognitu,
470 1850 569 1915 quam
592 1826 626 1893 in
639 1828 729 1893 conci
744 1828 775 1894 'o
836 1828 965 1905 buerat,
992 1828 1125 1895 nuncios
1146 1828 1248 1895 mittit
1263 1830 1308 1897 ad

211 1908 375 1977 finitumos
396 1912 545 1979 civitates
568 1913 760 2066 equitesque
787 1914 931 2004 undique
954 1926 1086 1981 evocat:
1120 1914 1158 1981 iis
1180 1928 1309 1983 certum

209 1995 300 2063 diem
322 1999 531 2067 conveniendi
558 1998 648 2066 dicit.
711 2000 830 2068 nterim
854 2025 956 2092 prope
971 2000 1117 2090 quotidie
1131 2024 1206 2067 curn
1220 2003 1309 2069 omui

210 2084 362 2172 equitatu
375 2083 614 2153 Indutiomarus
634 2088 698 2154 sub
721 2090 834 2155 castris
852 2090 921 2179 ejus
948 2088 1141 2178 vagabatur,
1164 2086 1242 2155 alins
1268 2100 1310 2155 ut

208 2170 309 2236 situm
323 2183 731 2261 castrorumccgnoscerct,
745 2175 825 2242 alias
835 2175 1049 2264 conloquendi
1063 2188 1121 2241 sut
1135 2174 1309 2243 territandi

213 2274 343 2321 mussa:
409 2258 492 2324 uites
511 2259 826 2349 plerumqueomnes
840 2262 906 2329 tela
925 2264 1011 2328 intra
1025 2261 1148 2328 vallum
1163 2263 1309 2351 conjicie-

211 2340 305 2407 bant.
349 2342 399 2409 La
423 2345 596 2412 ienussuos
609 2346 697 2413 intra
711 2348 905 2415 munitiones
916 2349 1102 2417 continebat
1117 2346 1306 2437 timorisque

209 2426 409 2517 opinionem,
423 2432 681 2521 quibuscumque
695 2445 827 2536 poterat
839 2437 950 2514 rebus,
963 2459 1008 2502 au
1030 2436 1118 2502 ebat.

257 2513 313 2581 58.
337 2517 449 2596 Quum
469 2520 590 2611 majore
617 2521 652 2587 in
673 2520 743 2587 dies
763 2524 976 2589 contemtione
1015 2521 1238 2589 ndutiomarus
1265 2521 1310 2589 sd

210 2615 320 2670 cestre
340 2604 521 2683 wrederet,
550 2620 645 2675 nocte
667 2632 744 2687 una,
765 2609 952 2677 intromissis
975 2608 1140 2697 equitibus
1165 2608 1309 2675 omnium

213 2688 436 2760 finitumarum
466 2693 645 2779 civitatum,
675 2720 757 2786 quos
785 2696 985 2765 arcessendos
1013 2706 1195 2773 curaverat,
1217 2706 1311 2763 tanta

214 2774 275 2843 dili
340 2780 387 2849 tia
412 2802 521 2849 omnes
544 2806 617 2851 suos
647 2783 799 2850 custodiis
825 2788 913 2852 intra
941 2795 1047 2850 castra
1075 2782 1246 2859 continuit,
1270 2794 1310 2848 ut

319 2868 445 2933 ratione
459 2892 502 2951 es
512 2892 563 2936 res
574 2870 738 2937 enunciari
751 2872 866 2937 autad
881 2872 1032 2938 Treviros
1040 2868 1179 2959 perferri
1191 2880 1309 2957 posset.

214 2945 353 3019 Interim
373 2976 415 3019 ex
441 2956 673 3023 consuetudine
691 2958 882 3046 quotidiana
896 2955 1135 3025 Indutiomarus
1148 2954 1191 3023 ad
1205 2968 1311 3022 castra

213 3034 343 3103 aceedit
353 3049 454 3129 etque
467 3040 514 3108 ibi
529 3066 678 3134 magnam
691 3057 819 3135 partem
827 3044 892 3111 diei
905 3043 1083 3120 consumit3
1104 3044 1229 3131 equites
1243 3042 1310 3108 tela

210 3124 388 3214 conjiciunt
410 3138 447 3194 et
471 3150 587 3221 msgna
609 3154 684 3197 cum
707 3131 903 3199 contumelia
923 3130 1099 3199 verborum
1120 3142 1244 3195 nostros
1267 3128 1311 3194 ad

212 3230 360 3299 pugnam
372 3228 519 3284 evocant.
564 3216 669 3285 Nullo
681 3220 724 3285 ab
739 3218 854 3285 nostris
864 3217 944 3285 dato
958 3238 1120 3305 responso,
1135 3215 1194 3283 ubi
1206 3215 1311 3281 visum

214 3307 278 3371 θθῑ,
301 3298 365 3367 sub
387 3324 559 3385 vesperum
580 3303 716 3391 dispersi
738 3327 777 3369 ac
799 3303 943 3392 dissipati
963 3301 1143 3369 discedunt.
1189 3302 1311 3368 Subito

204 3376 379 3476 *labienus
393 3384 520 3451 duabus
533 3386 636 3475 portis
650 3410 777 3454 omnem
787 3390 979 3479 equitatum
1000 3389 1140 3467 emittit;
1162 3388 1312 3479 precipit

250 3546 388 3599 mssa
401 3552 544 3603 waratone
577 3551 739 3615 tutiori,
788 3552 885 3619 glossat
902 3568 918 3604 o
937 3550 1146 3619 ponimrquippe
1164 3554 1197 3615 eri
1212 3560 1317 3615 mora·

217 3610 262 3665 90.
279 3614 319 3664 Π.
788 3621 900 3669 munitis.
915 3570 957 3669 gt.
968 3618 1061 3693 dunin.
1073 3622 1115 3679 2⁴,
1126 3622 1151 3669 6.

251 3676 309 3730 Hoc
318 3694 390 3731 nore
398 3680 469 3732 Gall.
480 3686 531 3733 etc.
547 3680 679 3736 Glossema
689 3680 740 3733 hcc
822 3684 925 3735 Euocat.
937 3683 982 3733 aliu
990 3690 1115 3734 mecca.

215 3740 325 3795 ridetur.
824 3749 985 3810 ramoso,
1000 3748 1109 3813 receptis
1126 3746 1154 3799 in
1164 3754 1248 3799 cestra
1260 3746 1312 3797 La-

248 3807 414 3863 Cmmoeretsu.
439 3808 555 3874 Vulgoe
577 3809 740 3877 paucioribus
788 3811 868 3863 bieni.
887 3814 926 3865 Μ.

214 3871 299 3935 tibris,
307 3884 443 3941 comatum
459 3877 499 3927 Μ.
526 3876 573 3927 sed
584 3877 627 3927 Gr.
639 3878 740 3927 deibus.
821 3881 924 3944 Μαρια
934 3894 992 3929 cnut
1003 3878 1162 3929 eommlio.
1182 3876 1223 3928 Sic
1233 3878 1312 3925 codd.

251 3940 337 4003 Supra
347 3942 482 3993 demonstr.
505 3942 683 4007 eont.csp.s.
700 3944 740 3993 dt.
789 3942 833 3993 hic
851 3952 877 3993 et
894 3942 966 3995 alibi.
1001 3944 1034 3993 V.
1056 3944 1081 4005 i,
1102 3948 1143 3995 tt.
1169 3942 1200 3995 C·
1221 3948 1247 4003 2,
1271 3944 1311 3991 14.

250 4002 362 4056 Μῶα.
398 4002 450 4055 Atii
468 4006 641 4072 judeaeam
658 4014 740 4069 ment,
787 4009 829 4059 nl.
843 4010 882 4059 60.

218 4070 481 4135 quaestesplicatio.
498 4074 537 4123 M.
563 4081 575 4097 ‘
822 4074 939 4138 Praecipit
958 4080 1034 4149 utque
1054 4074 1188 4125 tenutas
1220 4070 1312 4121 Potest

253 4134 376 4197 Aeneiae.
398 4136 612 4188 Davismsiitut.
785 4137 1123 4205 precipereterneo,qu0d
1135 4154 1222 4189 omues
1232 4150 1311 4189 unum

256 4198 633 4267 ommonemslfiqsaeqse.
786 4212 873 4268 petere
890 4204 964 4267 jubet
971 4223 979 4266 ς
995 4212 1023 4255 et
1039 4208 1159 4255 tester-dicit
1179 4220 1221 4261 eo,
1240 4200 1310 4266 quod

253 4262 338 4315 Manes
354 4268 533 4316 mmmm.
559 4264 663 4317 Ursinus
682 4280 741 4332 per·
789 4266 915 4334 prohibet,
930 4287 961 4321 ne
971 4284 1046 4335 quem
1059 4268 1128 4333 prius
1138 4266 1311 4329 Indutiomaro

218 4340 306 4393 tm
324 4328 447 4396 muntii
466 4329 493 4381 ‘i
512 4346 602 4392 m
629 4334 704 4399 quusi
724 4350 741 4385 e
787 4336 927 4390 vulnerent.
944 4336 1059 4389 rorasse
1069 4332 1313 4387 aasumensi
