2909 4809
410 429 420 446 ·
460 321 549 391 ura.
572 319 602 390 1.
646 319 750 390 car.
775 321 915 389 aasz.
965 267 966 271 Ὺ
1152 317 1226 388 295·

111 506 247 576 lberam
257 505 447 598 adtingunt,
461 506 689 598 insequuntur.
737 505 825 574 Petit
836 507 879 574 ab
894 505 941 574 bis
957 505 1214 582 omnituentes
1297 517 1300 524 “

112 597 276 663 frumento
295 596 429 684 jurent:
453 595 652 685 pollicentur
676 605 789 684 atque,
811 595 960 661 omuibus
982 593 1122 682 undique
1140 615 1214 660 con·
1286 645 1292 656 ,

137 683 240 748 uisitis
259 683 423 770 jumentis,
446 684 478 747 in
494 693 599 748 castra
611 683 799 771 deportant.
845 681 975 747 Transit
990 681 1087 746 etiarn
1101 679 1215 748 cohors

111 709 386 858 <Illurgavonensis
400 770 440 834 ad
450 794 541 844 eum,
557 770 689 858 cognito
705 769 845 834 civitatis
860 767 1004 843 consilio,
1020 777 1054 832 et
1068 766 1160 856 signa
1173 773 1216 834 ex'

111 856 432 923 statione'trausfert.
465 857 588 944 Magna
601 857 752 922 celeriter
763 856 973 922 commutatio
989 875 1109 920 rerum.
1135 853 1217 941 Perg

113 945 202 1010 fecto
228 954 341 1036 ponte,
366 945 491 1032 magnis
537 944 657 1031 uiaque
682 943 870 1010 civitatibus
894 941 937 1006 ad
956 940 1131 1008 amicitiam
1157 940 1220 1006 ad-·

108 1031 245 1119 janctis,
271 1031 422 1132 expedita
449 1053 485 1096 re
570 1030 739 1105 menteris,
764 1029 929 1096 exstinctis
956 1027 1143 1094 rumoribus
1171 1027 1214 1094 de

111 1117 240 1183 auxiliis
252 1117 427 1208 leg1onum,
442 1141 516 1206 quae
528 1141 603 1182 cum
620 1115 777 1208 Pompeio
788 1139 848 1206 per
861 1115 1092 1181 Mauritaniam
1103 1113 1214 1180 venire

111 1205 319 1280 dicebantur,
351 1205 463 1269 multae
491 1204 731 1293 longinquiores
758 1204 905 1270 civitates
926 1203 969 1268 ab
999 1201 1137 1268 Afranio
1157 1199 1214 1293 de-

111 1291 253 1357 sciscunt
262 1303 297 1356 et
309 1292 444 1357 casaris
457 1291 630 1357 amicitiam
644 1307 837 1379 sequuntur.

156 1378 210 1443 61.
234 1377 364 1455 Quibus
376 1380 473 1444 rebus
483 1379 667 1468 perterritis
682 1378 796 1444 animis
808 1376 1077 1453 adversariorum,
1091 1375 1212 1452 Cesar,

113 1489 155 1531 ne
168 1488 294 1554 semper
308 1487 426 1554 magno
448 1465 588 1531 circuitu
610 1488 671 1554 per
736 1478 822 1531 ntem
846 1465 1010 1552 equitatus
1035 1475 1117 1529 esset
1140 1463 1214 1528 mit-

112 1551 242 1627 tendus,
256 1551 532 1618 nactusidoneam
548 1553 667 1629 locum,
701 1575 784 1618 ossas
800 1551 922 1641 pedum
935 1549 1072 1638 triginta
1083 1552 1117 1615 in
1140 1547 1212 1616 lati-

111 1639 259 1705 tudinem
274 1638 455 1728 complures
480 1639 587 1704 iacere
609 1638 761 1714 instituit,
812 1638 907 1704 uibus
929 1648 1056 1727 partem
1071 1635 1214 1724 aliquam
1293 1691 1294 1696 ,

114 1725 238 1792 Sicoris
263 1739 429 1791 averteret
453 1727 639 1814 vadumque
665 1728 697 1791 in
726 1749 766 1792 eo
787 1663 924 1790 bomine
953 1724 1103 1789 efficeret.
1151 1721 1214 1791 His

113 1835 206 1902 paene
220 1813 354 1888 effectis,
368 1835 524 1916 magnum
538 1813 571 1877 in
587 1813 737 1878 timorem
749 1811 902 1877 Afranius
919 1809 1129 1896 Petreiusque
1140 1831 1215 1900 per·

112 1901 262 1975 veniunt,
290 1923 330 1964 ne
353 1921 482 1964 omnino
496 1899 660 1965 frumento
676 1899 872 1988 pabuloque,
896 1895 1213 1970 intercluderentur;

111 1984 204 2088 quod
229 1987 371 2052 multum
394 1987 504 2052 Cesar
523 1987 671 2073 equitatu
695 1984 835 2051 valebat.
881 1983 998 2072 ltaque
1013 1981 1215 2048 constituunt

110 2097 185 2225 qipli
200 2071 238 2138 iis
263 2073 342 2138 locis
367 2073 520 2139 excedere
545 2087 580 2137 et
606 2074 638 2138 in
653 2073 863 2138 Celtiberiam
877 2071 1001 2138 bellum
1025 2069 1211 2135 transferre.

187 2183 206 2224 c
228 2160 619 2248 conciliosuffragabatur
633 2161 730 2226 etiam
751 2159 808 2224 illa
823 2181 884 2233 res,
910 2157 999 2244 quod
1023 2179 1064 2221 ex
1086 2155 1214 2224 duobus
1315 2208 1318 2217 .

111 2247 283 2313 contrariis
304 2247 490 2348 generibus,
515 2269 587 2333 quae
609 2246 775 2335 superiore
801 2245 889 2311 bello
909 2265 982 2308 cum
1007 2241 1046 2308 L.
1066 2243 1214 2310 Sertorio

110 2343 272 2400 steterant
300 2335 457 2409 civitates,
481 2335 575 2398 victae
601 2355 713 2398 nomen
728 2345 840 2420 atque
871 2329 1044 2419 imperium
1073 2329 1215 2398 absentis

111 2420 294 2493 timebant;
318 2421 445 2508 quaein
471 2420 611 2484 amicitis
624 2433 815 2495 manserant,
843 2417 987 2505 Pompeii
1011 2439 1062 2482 ma
1109 2417 1134 2482 is
1156 2415 1213 2482 sd-

110 2507 205 2573 fcctae
227 2506 388 2572 beneficiis
412 2531 486 2571 eum
511 2505 568 2572 dili
593 2507 708 2571 ebant:
735 2505 869 2572 Caesaris
891 2515 999 2570 autem
1019 2503 1052 2568 in
1091 2504 1214 2570 arbaris

111 2605 185 2661 erat
211 2616 325 2659 nomen
352 2590 530 2660 obscurius.
571 2529 665 2658 ilinc
691 2617 744 2658 ma
790 2617 833 2658 os·
846 2595 1010 2679 equitatus
1032 2611 1214 2680 magnaque

110 2680 232 2747 auxilia
257 2681 488 2770 exspectabant
509 2691 544 2745 et
568 2680 633 2744 suis
654 2679 732 2746 locis
796 2679 878 2744 llum
899 2678 931 2741 in
945 2675 1082 2740 hiemem
1094 2673 1213 2744 ducere

111 2767 315 2856 cogitabant.
374 2767 449 2831 Hoc
475 2765 557 2833 inito
577 2767 721 2844 consilio,
750 2777 822 2832 toto
846 2763 976 2829 flumine
999 2759 1098 2828 lbero
1124 2763 1215 2829 navis

111 2854 308 2942 conquirere
322 2865 356 2918 et
370 2855 565 2942 Octogesam
579 2852 698 2918 adduci
719 2853 848 2943 jubent.
895 2849 934 2916 ld
959 2859 1030 2914 erat
1053 2848 1213 2951 oppidum

112 2941 257 3030 positum
272 2941 313 3006 ad
329 2939 473 3016 Iberum,
485 2942 637 3030 miliaque
653 2963 803 3029 passuum
818 2936 957 3003 acastris
964 2935 1077 3002 aberat
1086 2935 1213 3026 viginti.
1233 2959 1240 2968 ·

37 3089 42 3105 ,
114 3027 266 3094 Adsum
291 3028 398 3096 locum
425 3027 574 3103 fluminis,
601 3028 738 3094 navibus
759 3027 905 3116 junctis,.
930 3035 1039 3088 ontem
1052 3023 1215 3112 imperant

111 3114 195 3190 lieri,
210 3115 414 3204 legionesque
432 3114 513 3179 duas
527 3114 644 3180 flumen
660 3115 796 3181 Sicorim
817 3127 890 3179 tran
928 3122 1029 3177 ucunt
1042 3124 1213 3200 castraque

114 3200 266 3267 muniunt
279 3199 367 3268 vallo
379 3201 501 3290 pedum
514 3201 693 3267 duodecim.
796 3219 799 3224 ’

156 3288 211 3356 62.
237 3287 360 3365 Quare
376 3313 435 3377 per
456 3289 679 3378 exploratores
694 3287 836 3376 cognita,
859 3308 982 3352 summo
996 3283 1109 3350 labore
1132 3282 1215 3352 mili-

150 3471 269 3520 Celeriter
278 3464 516 3528 (nocommutatio.
533 3465 574 3515 Sic
585 3466 641 3514 edd.
690 3461 950 3521 manisadbaessrant,
967 3460 1012 3511 alli
1031 3475 1089 3510 cum
1100 3459 1212 3512 Sertorio

117 3535 205 3599 vulgg.
224 3535 261 3582 M.
300 3531 410 3581 Verbum
420 3532 493 3580 abest
503 3546 519 3580 a
530 3533 604 3580 codd.
616 3539 641 3580 et
690 3535 815 3578 steterant.

117 3601 175 3648 cdd.
188 3607 240 3648 vet.
416 3650 420 3658 ‚
724 3595 820 3644 Nomen
843 3593 959 3642 abesam.
989 3587 1117 3654 Pompeii.
1143 3589 1210 3640 l'lor.

151 3665 204 3715 rer
215 3665 412 3714 Mammam.
428 3659 640 3709 Contacta.
691 3664 749 3710 Μ.
770 3659 897 3708 Darassa.
926 3657 1053 3706 Suadebat
1064 3653 1105 3704 bic
1118 3669 1209 3706 nomen

152 3729 363 3779 Iatatitadtrum.
397 3726 550 3776 Discordant
564 3725 640 3774 codd.
691 3726 802 3787 Pompeii
820 3739 835 3770 e
852 3723 918 3774 linea
936 3739 987 3788 seq.
1006 3721 1136 3770 cenaene
1151 3727 1212 3785 post

120 3793 214 3842 Eomm
225 3792 300 3842 multi
310 3802 335 3840 et
345 3791 402 3840 edd.
419 3801 470 3838 vet.
483 3792 640 3841 altudinem
690 3791 806 3838 absentis.

119 3859 214 3909 liabent
221 3877 230 3919 ;
246 3859 324 3925 vulgo
334 3855 487 3906 recentiores
496 3863 640 3919 receperant
722 3855 853 3916 Maffiwse
873 3857 973 3902 meatus.
1005 3851 1072 3899 Raro
1084 3847 1108 3898 in
1118 3851 1210 3915 plurali

118 3925 284 3982 altitudinem
293 3922 336 3971 sed
345 3920 443 3970 nimius
456 3919 478 3969 is
488 3921 563 3969 labor
572 3919 640 3968 luta·
688 3918 807 3967 occurrit.
871 3925 980 3966 .tamen
998 3915 1058 3965 Sall.
1089 3914 1147 3979 lug.
1168 3919 1208 3967 46.

120 3987 370 4041 maluissevidetur.
689 3983 788 4043 Flora,
803 3986 840 4030 ll.

153 4055 379 4116 nonnumquam
391 4051 489 4100 Sicoris.
507 4047 559 4099 arii
566 4056 640 4112 parte
723 4049 801 4098 Navis
816 4050 985 4112 conquirerem
1001 4044 1124 4095 Subaudi
1136 4045 1206 4098 rnili-

108 4121 154 4170 ·all
217 4121 332 4168 samm.
686 4121 733 4162 tes.
762 4113 942 4188 Alibiquoque
959 4109 1210 4162 cumiaflnitivoac·
1286 4132 1288 4149 ·

166 4185 323 4248 psitictods.
339 4177 639 4245 armamentariis
686 4177 740 4226 tivo
752 4185 777 4226 et
790 4193 890 4242 passivo
900 4177 974 4226 simul
990 4177 1094 4227 struitur
1106 4177 1208 4240 jadera,

121 4247 186 4298 Oua.
686 4253 714 4294 ut
724 4243 791 4308 apud
801 4243 928 4295 Lucanum
941 4245 963 4304 1,
972 4247 1018 4294 589
1029 4249 1055 4292 st
1067 4243 1105 4303 lo,
1117 4242 1174 4292 tl'l.
1194 4296 1196 4300 ,

154 4316 291 4368 (Μαάθ
310 4327 368 4378 aaa·
392 4326 499 4376 quorum
517 4309 564 4360 alii
587 4309 641 4358 Ro-
