2909 4809
264 212 326 282 142
570 212 633 283 DE
656 212 808 283 BELLO
831 212 1051 283 GALLIOO.

263 408 286 447 ‘⁶
303 404 401 471 rebus
415 402 549 472 Divinis·
563 402 736 481 intersunt,
759 403 914 473 sacrificia
938 404 1071 495 publica
1084 426 1122 473 sc
1137 403 1268 495 privatis
1285 428 1373 496 pro·

264 494 286 526 “
303 504 431 567 curant,
457 490 627 581 religiones
652 493 921 593 interpretantur.
967 492 1019 559 Ad
1041 491 1098 560 hos
1120 516 1255 583 magnus
1285 495 1371 561 ado·

243 583 247 593 “
264 583 287 613 “
303 577 489 645 lescentium
505 603 657 645 numerus
670 579 847 669 disciplinae
859 602 969 645 caussa
981 582 1159 655 concurrit,
1171 606 1370 671 magnoque
1431 622 1432 627 ι

264 666 326 732 “ii
349 679 424 733 sunt
446 690 465 731 o
489 664 533 733 ud
556 690 609 733 eos
623 666 755 734 honore.
802 666 886 732 Nam
911 666 978 735 fere
1003 667 1043 735 de
1063 668 1211 737 omnibus
1226 682 1370 737 contro-

264 756 286 789 “
303 754 412 821 versiis
426 691 568 843 polilicis
579 753 778 842 privatisque
792 754 1010 829 constituunt;
1033 767 1078 832 et,
1094 756 1120 821 si
1135 754 1224 844 quod
1239 770 1293 823 est
1307 756 1368 825 ad·

263 844 286 876 “
301 840 429 907 missum
444 840 577 915 facinus,
591 840 618 905 si
629 840 728 907 caedes
740 840 836 918 facta,
848 841 875 907 si
887 842 926 909 de
938 839 1134 919 hereditate,
1146 843 1173 908 si
1184 842 1224 909 de
1237 843 1369 911 linibus

263 932 285 963 ‘⁴
300 928 521 1010 controversia
540 939 601 1005 est,
617 926 711 993 iidem
725 927 920 1005 decernunt;
944 929 1076 1017 proemia
1091 954 1267 1019 poennsqne
1283 954 1368 997 con-

262 1020 285 1051 “
300 1016 458 1082 stituunt:
480 1014 508 1081 si
521 1014 581 1103 qni
594 1029 652 1081 aut
673 1016 819 1117 privatur
842 1028 900 1081 aut
950 1015 1076 1085 ublicus
1096 1040 1209 1084 eorum
1222 1018 1367 1085 decreto

262 1107 286 1138 “
301 1126 366 1170 non
380 1104 484 1179 stetit,
497 1101 660 1167 sacrificiis
676 1102 884 1171 interdicunt.
968 1128 1011 1171 aec
1027 1126 1123 1207 pcsno
1136 1104 1224 1193 apud
1238 1129 1298 1172 eos
1313 1116 1367 1171 est

262 1194 286 1225 ‘⁶
302 1189 497 1277 gravissimo.
543 1188 670 1263 Quibus
689 1188 737 1255 ita
753 1204 802 1257 est
816 1189 1036 1269 interdictum,
1059 1192 1082 1257 ri
1103 1210 1237 1259 numero
1252 1192 1365 1284 inpio-

262 1282 285 1313 “
302 1299 375 1341 rum
388 1299 426 1341 ac
437 1277 666 1343 sceleratorum
679 1274 856 1351 bnbentun
879 1278 917 1345 iis
927 1302 1035 1345 omnes
1045 1280 1215 1355 decedunt,
1228 1278 1364 1347 aditum

262 1369 285 1402 ‘⁴
301 1385 414 1429 eorum
427 1385 668 1451 sermonemque
682 1362 867 1451 defugiunt,
891 1388 930 1431 ne
946 1366 1027 1455 quid
1049 1390 1089 1431 ex
1102 1368 1298 1454 contagione
1316 1366 1363 1433 in·

262 1456 286 1486 ‘⁸
302 1451 461 1517 commodi
488 1449 663 1540 accipiant:
702 1474 807 1539 neque
836 1450 874 1519 iis
903 1454 1088 1539 petentibus
1111 1454 1164 1541 jus
1194 1453 1362 1527 redditur,

261 1544 406 1625 “neque
431 1536 532 1605 honos
557 1538 644 1605 ullus
668 1540 934 1607 communicatur.
982 1540 1042 1607 His
1070 1553 1179 1605 autern
1205 1540 1363 1607 omnibus

261 1631 285 1661 “
301 1624 485 1691 Druidibus
499 1638 616 1716 praeeet
629 1649 724 1703 unus,
745 1626 803 1715 qui
817 1650 972 1693 summam
987 1627 1070 1693 inter
1094 1650 1147 1693 eos
1168 1624 1267 1691 habet
1281 1650 1361 1693 euo-

182 1732 185 1740 ·
261 1720 284 1751 “
300 1710 478 1778 toritatem.
526 1712 600 1779 Hoc
613 1726 757 1789 mortuo,
779 1713 803 1781 si
829 1714 887 1802 qui
904 1738 944 1779 ex
958 1713 1092 1801 reliquie
1104 1712 1236 1779 excellit
1249 1711 1360 1799 digni·

260 1807 284 1837 ‘⁸
300 1811 379 1876 tate,
393 1798 552 1866 succedit:
576 1813 622 1877 at,
637 1801 665 1867 ri
679 1814 755 1868 sunt
770 1800 881 1889 plures
895 1824 1000 1889 pares,
1019 1800 1173 1887 suffragio
1189 1796 1359 1865 Druidum

260 1894 284 1926 “
300 1884 479 1975 adlegitur,
491 1911 733 1978 nonnumquam
747 1889 844 1953 etiam
857 1887 898 1955 de
913 1887 1101 1976 principatu
1114 1885 1210 1953 armis
1223 1899 1358 1955 conten-

260 2101 334 2152 Elin
342 2099 466 2149 Schedius
476 2100 509 2148 de
518 2100 578 2151 Diis
586 2099 726 2157 Germanis,
737 2102 781 2149 nd-
868 2100 1003 2166 netrynm
1021 2102 1225 2164 interpretantur,
1246 2100 1279 2147 de
1301 2096 1355 2148 Deo

259 2166 372 2229 diditqne
399 2166 485 2227 plures
511 2166 622 2222 Jorlrius,
647 2163 782 2213 Solredinni
830 2164 935 2236 ejusque
945 2166 1045 2215 colendi
1056 2164 1279 2223 mosqdecausir
1290 2173 1318 2215 et
1328 2164 1353 2213 vi

259 2230 320 2280 libri
352 2224 442 2278 editor.'
483 2227 696 2293 Copiosirsimum
722 2241 781 2277 vero
829 2236 932 2287 rituum,
946 2230 978 2277 de
989 2228 1126 2288 ominibus,
1142 2230 1222 2291 deque
1233 2228 1355 2279 omnibus

259 2297 400 2356 catalogum
411 2293 524 2343 omnium
535 2294 567 2340 de
579 2294 627 2340 lrac
638 2308 663 2339 re
674 2289 782 2355 scripto·
830 2292 963 2354 religionis
974 2292 1089 2357 partibus
1097 2302 1234 2355 exponunt,
1246 2302 1353 2356 suntque

109 2381 112 2388 ’
185 2407 187 2412 ,
259 2358 436 2409 rumcontecit
455 2356 683 2420 Jo.Georg.l·¹rlcl‹
699 2358 782 2419 inpe-
830 2358 895 2415 addo
907 2358 1038 2407 Gallorum
1049 2357 1172 2420 theologi.
1185 2358 1221 2405 M.

259 2424 351 2474 culicri
370 2422 437 2473 libro
455 2423 487 2471 de
507 2421 623 2481 Ursidio,
637 2420 681 2485 qui
699 2422 782 2471 Ulmoe
866 2424 1355 2486 Nomferedeomncontm-intm

263 2492 325 2539 17⁴4
335 2488 439 2553 prodiit.
464 2486 784 2551 Sedetjurenominandrs
831 2488 923 2539 dicunt.
956 2490 995 2538 Ex
1012 2488 1051 2539 his
1065 2490 1123 2553 jure
1133 2486 1259 2537 conclusit
1273 2487 1355 2539 nito.

260 2563 298 2603 est
309 2554 421 2603 Ritterus
438 2553 463 2602 in
478 2552 587 2601 historia
602 2552 732 2601 Gallorum
744 2552 784 2615 (p.
831 2568 872 2602 rus
889 2553 958 2613 (hist.
975 2554 1040 2603 Gall.
1059 2570 1084 2617 p.
1100 2552 1167 2613 ott),
1189 2551 1210 2599 ri
1228 2552 1352 2603 Druidum

259 2620 330 2680 fld't),
346 2618 439 2683 quide
454 2617 595 2667 Dmidibnr
608 2617 784 2681 breviterqui·
830 2624 899 2667 tantu
920 2627 1030 2683 potestur
1049 2617 1133 2675 tuerit,
1159 2616 1264 2681 exiguus
1290 2632 1352 2681 opes

259 2687 327 2743 dem,
344 2686 453 2735 sedtum
469 2692 584 2735 accurate
596 2693 622 2731 et
633 2682 731 2732 utiliter
740 2699 784 2733 ex·
830 2682 908 2733 luisse
929 2699 1083 2735 summorum
1105 2681 1197 2735 (lalliae
1222 2682 1353 2746 nugi-tra-

260 2752 355 2817 posuit,
365 2758 393 2798 ut
401 2749 523 2809 dubitem,
530 2766 563 2799 an
573 2748 598 2798 in
607 2749 653 2797 ills
661 2748 783 2799 brevitate
832 2756 912 2809 tuum,
922 2750 1018 2815 hosque
1026 2765 1076 2799 non
1086 2746 1135 2799 nisi
1147 2746 1172 2797 in
1181 2747 1255 2797 bellis
1263 2756 1350 2799 aucto·

259 2816 340 2879 major
351 2814 429 2879 possit
441 2814 572 2878 diligentia
583 2812 784 2879 intelligi-No·
829 2812 901 2863 ritate
912 2816 1043 2879 polluisse.
1061 2815 1098 2862 M.

260 2896 319 2929 rnen
342 2880 474 2937 Druidum,
494 2880 550 2927 rive
571 2889 654 2927 ortum
671 2880 748 2929 tuerit
767 2894 783 2928 e
865 2876 1350 2943 Sidefinr'bor.hocrirulgoomittitnr.

259 2944 337 2996 verbo
355 2945 523 3007 Denvyddon,
539 2946 782 3008 domtusoeqnemm
865 2944 947 2995 littere
967 2947 1111 2997 doemunt.
1136 2942 1183 2993 clii
1202 2942 1351 2997 tom.

260 3008 317 3058 sive
327 3026 342 3058 e
352 3008 429 3057 verbo
443 3010 565 3066 Bruttia,
585 3012 694 3067 Drottin,
704 3011 785 3059 domi-
830 3008 915 3059 minus
925 3012 998 3059 bene.

259 3090 323 3135 πως
339 3074 401 3123 illud
413 3082 496 3123 tamen
507 3081 605 3123 constat
620 3082 646 3123 et
657 3085 695 3123 ert
705 3074 784 3123 hodie
865 3079 893 3125 st
903 3080 955 3141 qro'.
973 3076 1036 3125 bene
1049 3076 1096 3125 rio.
1105 3075 1141 3124 cl.
1151 3076 1174 3123 ιι·
1183 3076 1246 3137 quir.

260 3142 518 3201 conlectum„nomen
535 3138 719 3201 hocnequesx
733 3140 785 3187 lle-
865 3142 990 3191 Publicio.
1022 3140 1049 3189 Si
1069 3142 1123 3189 hnc
1142 3138 1217 3188 lectio
1232 3152 1289 3189 vero
1303 3146 1350 3198 cut,

260 3202 348 3255 brrico
368 3206 486 3265 damen,
510 3203 583 3269 quari
609 3203 712 3253 Druidre
734 3204 785 3255 rint
830 3202 891 3263 (non
916 3207 988 3269 ponci
1009 3220 1068 3255 vero
1094 3204 1164 3265 libri,
1191 3204 1294 3255 torum
1319 3219 1350 3255 ex

259 3278 408 3321 scnrtntorer
429 3270 492 3330 (vid.
510 3268 648 3319 Schedium
665 3273 698 3329 2,
710 3272 734 3318 3.
758 3286 784 3332 p.
830 3271 1013 3330 emendatione,
1030 3270 1125 3321 babent
1139 3266 1255 3335 propulsa)
1273 3268 1350 3333 rigni·

260 3337 329 3397 snt),
346 3351 426 3399 neque
442 3350 473 3384 ex
485 3335 573 3385 Graeco
584 3332 646 3402 deis,
660 3350 740 3397 neque
751 3351 784 3383 ex
831 3334 898 3395 tlcat,
912 3346 939 3387 nt
949 3352 1036 3385 omnes
1046 3338 1140 3395 vident,
1156 3332 1284 3395 eum,.qui
1295 3350 1346 3383 mu·

259 3400 313 3451 ulls
343 3398 474 3465 peregrine
503 3401 590 3465 lingon
620 3400 783 3449 derivandum
830 3414 889 3449 nere
911 3402 1016 3466 publico
1033 3400 1158 3465 lungitur;
1181 3398 1224 3449 red
1242 3398 1295 3449 nee
1312 3407 1347 3449 est

260 3482 329 3517 are:
345 3473 385 3515 ert
399 3464 467 3515 enim
485 3464 650 3515 domesticum
664 3464 783 3526 verbum
831 3466 965 3527 rarissimo,
982 3476 1008 3517 et
1025 3466 1068 3515 vix
1084 3466 1150 3515 alibi
1166 3462 1243 3513 obvia
1257 3463 1347 3527 rignid-

260 3539 290 3580 ut
299 3531 397 3581 Celtice
408 3531 493 3595 lingua
503 3530 607 3581 omnino
620 3546 670 3579 non
681 3547 712 3579 er
723 3531 782 3581 eliis
831 3530 908 3591 catio,
925 3548 981 3597 qun
999 3534 1024 3581 h.
1034 3533 1051 3581 l.
1065 3546 1116 3581 non
1126 3530 1175 3580 nisi
1189 3544 1221 3578 ex
1232 3527 1345 3592 opponito

260 3598 496 3661 lingnirrepetends
505 3600 601 3646 erun.
625 3595 782 3659 Conjcctnrir
830 3598 909 3646 verbo
929 3598 1049 3661 cognosci
1069 3604 1159 3659 potest.
1177 3596 1214 3643 M.
1247 3592 1345 3647 tell.

259 3664 325 3712 oddo
335 3661 485 3727 opinionem
502 3660 650 3711 amicissimi
667 3659 729 3711 olim
745 3660 782 3711 In
830 3658 906 3724 legit:
921 3666 1053 3726 nquinat
1066 3663 1184 3723 prirotim
1194 3666 1240 3709 out
1247 3660 1345 3721 publius

260 3722 331 3779 Tonr
340 3730 498 3791 dnovergne
506 3726 532 3775 in
543 3744 586 3791 op.
594 3726 730 3791 aliquoties
740 3726 783 3777 cit.
866 3728 901 3775 ln
911 3742 996 3777 omnes
1004 3729 1133 3777 decertum.
1142 3726 1176 3774 cl.
1186 3724 1218 3773 ab
1227 3724 1257 3773 r't'r
1267 3738 1344 3775 ornnes

261 3808 288 3857 p.
302 3796 357 3845 itt.
375 3795 420 3844 nbi
437 3793 536 3843 derivat
553 3809 569 3841 ιι
587 3791 652 3841 Celt.
666 3793 782 3855 derwyd·
829 3790 966 3841 discedunt.

171 3854 176 3863 ¹
261 3859 325 3923 dyst,
340 3860 408 3926 qood
419 3867 489 3908 notat
500 3862 581 3909 mm
591 3862 652 3907 circi
663 3861 784 3921 Μοιιιὲ.
865 3858 893 3905 st
903 3860 955 3921 qut.
965 3858 1000 3905 ol.
1011 3861 1034 3907 rt
1042 3860 1105 3921 quir.

262 3920 783 3988 Seil.der,·quercur,roydd,vircus.dyn,
866 3925 906 3981 At,
922 3924 952 3969 εἰ.
968 3921 1002 3971 al.
1019 3930 1064 3971 net
1078 3926 1109 3971 α’.
1128 3920 1176 3971 ubl
1194 3919 1261 3971 Oud.
1280 3926 1343 3983 putu

259 3990 425 4129 amlirliiiunt
449 4057 523 4129 rebius
548 4058 738 4131 picininnon·
756 4062 785 4105 ut
832 3986 1342 4127 lorqedqqg'egqnmfflnrqedrkezqemqgff

262 4118 784 4194 ceteranllr‚adinstrdenrmlsequrtnr).
831 4118 992 4192 anuliquenr
1011 4130 1057 4180 per
1067 4116 1185 4179 sutfragia
1198 4116 1286 4167 rddere
1294 4114 1341 4165 ccl·

263 4191 328 4231 utet
338 4183 441 4247 publico
451 4193 476 4233 et
487 4186 586 4248 privato
596 4184 721 4235 rucrrlicro
733 4184 784 4247 iper
832 4182 900 4246 legno
920 4198 953 4241 er,
976 4196 1000 4231 rn
1019 4198 1070 4247 quo
1092 4183 1200 4231 nondum
1216 4181 1302 4241 tuerat,
1317 4186 1343 4229 ut

262 4237 364 4299 Druidae
378 4248 559 4299 administrent.
591 4250 652 4302 Sunt
668 4264 730 4316 ergo
745 4264 785 4303 tn·
833 4248 961 4311 legitimus
970 4246 1124 4310 collegarum
1133 4260 1251 4297 numerus
1261 4246 1301 4299 tlrt
1310 4243 1343 4295 in·

260 4316 378 4367 cerdon:
387 4314 526 4367 deuotum.
541 4317 581 4367 nt.
832 4321 903 4379 teger
919 4312 957 4373 (v.
974 4312 1073 4366 Ernesti
1089 4310 1161 4365 Clau.
1176 4310 1285 4375 Cicero,
1298 4312 1341 4367 bor
