2909 4809
450 237 540 315 nus.
562 241 608 314 n.
653 195 757 315 cin·
779 245 814 324 s,
838 213 889 315 10'.
1147 187 1219 316 su

122 439 154 510 ⁴⁴
167 429 353 509 effecerant,
374 443 413 498 ut
425 446 518 511 esset,
537 435 593 502 ubi
609 435 784 523 tegimenta
799 433 1008 526 praependere
1023 443 1150 524 possent
1171 431 1215 502 ad
1261 497 1264 506 ,

125 527 150 561 “
167 517 386 587 defendendos
399 521 482 587 ictus
493 545 530 588 ac
543 521 757 613 repellendos,
772 544 872 610 quum
896 521 979 587 inter
1002 545 1071 588 eam
1091 523 1216 614 contig-

125 608 329 674 “nationem
384 607 753 696 rietes-exstruerentur:
776 631 911 696 eamque
921 608 1215 680 contabulationem

126 699 151 776 ⁴⁴
167 717 322 760 summam
373 695 496 761 teribus
522 696 657 784 lutoque
683 706 940 772 constraverunt,
969 719 1009 760 ne
1032 695 1112 782 quid
1134 697 1216 788 ignis

126 789 151 821 ⁴⁴
166 778 304 848 bostium
317 803 433 848 nocere
447 795 573 870 posset:
596 795 810 884 centonesque
823 782 954 872 insuper
968 781 1154 872 injecerunt,
1176 807 1218 850 ne

126 876 151 908 ⁴⁴
168 879 227 934 aut
241 868 306 934 tela
326 869 491 936 tormentis
515 870 607 935 missa
629 868 860 935 tabulationem
885 868 1134 958 perfringerent,
1157 883 1218 936 aut

127 961 151 994 ⁴⁴
168 977 243 1020 saxa
257 978 296 1020 cx
312 953 484 1044 catapultis
504 955 680 1022 lateritium
706 954 914 1022 discuterent.
960 955 1083 1022 Storias
1098 967 1217 1033 ⁴eutem

127 1051 152 1082 ⁴⁴
169 1064 211 1107 cx
251 1041 381 1108 funibus
416 1043 587 1110 ancorariis
619 1053 695 1121 tres,
730 1041 761 1108 in
791 1041 1020 1132 longitudinem
1040 1044 1217 1144 parietum

129 1138 153 1170 ‘⁴
171 1128 282 1206 turris,
298 1129 380 1194 lates
417 1142 538 1196 ustuor
553 1127 653 1219 pedes
667 1129 824 1205 fecerunt,
915 1153 955 1194 ue
971 1128 1129 1194 extribus
1143 1153 1216 1220 pas*

128 1225 152 1256 ⁴⁴
169 1215 269 1292 tibus,
284 1237 358 1304 quae
427 1213 533 1282 hostes
546 1215 735 1304 vergebant,
757 1216 907 1282 eminenti
933 1237 969 1280 us
990 1215 1137 1281 trabibus
1155 1215 1217 1282 cir·

127 1311 153 1342 ⁴⁴
170 1325 244 1368 cum
256 1301 374 1368 turrim
382 1323 453 1453 im
497 1301 631 1368 ndentes
644 1303 884 1391 religaverunt:
901 1302 991 1394 quod
1002 1325 1103 1368 unum
1116 1325 1219 1392 genus
1323 1374 1327 1386 Ι

128 1393 153 1427 “
167 1389 336 1478 tegimenti
362 1389 432 1454 aris
474 1388 539 1454 ocis
563 1402 656 1455 erant
677 1389 806 1478 experti
832 1389 922 1455 nullo
945 1389 1011 1454 telo
1031 1411 1135 1478 neque
1150 1401 1217 1456 tor-

128 1484 154 1516 ⁴⁴
172 1489 280 1541 mento
294 1475 436 1563 transjici
457 1497 558 1564 pome.
605 1475 674 1542 Ubi
688 1497 765 1541 vero
780 1499 818 1540 ea
833 1499 907 1564 pars
930 1476 1040 1552 turris,
1079 1500 1128 1542 uae
1147 1490 1219 1544 emt

129 1571 153 1603 ⁴⁴
171 1562 328 1651 perfecta,
347 1572 434 1628 tecta
455 1573 555 1649 atque
576 1561 700 1627 munita
725 1574 775 1626 est
797 1561 841 1629 ab
866 1561 951 1627 omni
975 1562 1041 1628 ictu
1055 1499 1217 1641 bostium,

129 1649 301 1750 “pluteos
325 1647 367 1713 ad
388 1648 450 1714 elia
465 1671 485 1712 ο
510 1671 566 1713 era
584 1648 812 1724 abduxerunt:
836 1647 936 1713 turris
956 1659 1079 1714 tectum
1103 1674 1162 1739 per·
1183 1675 1217 1716 se

129 1747 154 1777 ‘⁴
172 1673 555 1826 1psumprebensiombus
578 1757 618 1799 ex
643 1733 880 1822 contignatione
903 1734 1006 1822 prima
1024 1758 1076 1800 sus
1118 1734 1219 1804 ndere

129 1833 154 1865 ⁴⁴
171 1845 209 1888 ac
235 1823 349 1888 tollere
376 1835 563 1911 coeperunt:
601 1821 671 1898 ubi,
697 1832 854 1908 quantum
876 1819 1048 1886 storiarum
1095 1823 1220 1890 emissio

129 1915 155 1950 ⁴⁴
171 1910 369 1999 patiebatur,
407 1921 533 1974 tantum
568 1907 748 1974 elevabant.
816 1905 907 1974 Intra
940 1906 1008 1972 haec
1044 1907 1220 1997 tegimenta

55 2039 60 2047 ·
130 2008 155 2039 ⁴⁴
172 1995 277 2063 abditi
292 2010 391 2086 atque
407 1994 522 2061 muniti
537 1995 676 2084 parietes
690 1993 846 2059 lateribus
860 1993 1080 2071 exstruebant,
1096 2016 1218 2064 rursus·

131 2095 156 2126 ⁴⁴
172 2107 238 2172 que
252 2083 317 2149 alia
362 2081 555 2159 rebensionc,
569 2081 611 2147 ad
626 2079 849 2146 redificandum
871 2080 931 2146 sibi
946 2079 1052 2146 locum
1069 2104 1108 2146 ex
1134 2081 1219 2161 edie-

130 2182 155 2213 ⁴⁴
173 2171 263 2236 bant.
309 2106 378 2236 Ubi
406 2183 533 2270 tempus
568 2168 702 2233 alterius
735 2167 1002 2234 contabulationis
1035 2106 1219 2248 videbatur,

132 2270 156 2300 ‘⁴
173 2257 265 2345 tigna
279 2255 368 2331 item,
383 2267 422 2320 ut
434 2277 552 2344 prrmo,
573 2267 659 2320 tecta
672 2254 825 2320 extremis
834 2253 990 2320 lateribus
1002 2254 1219 2334 instruebant,

129 2356 155 2389 ‘⁴
171 2365 278 2431 exque
291 2365 330 2410 ea
348 2341 586 2429 contignatione
612 2363 723 2408 rursus
744 2363 898 2406 summam
926 2341 1220 2412 contabulationem

129 2429 350 2518 “storiasque
376 2427 558 2496 elevabant.
609 2426 662 2495 Ita
684 2438 758 2494 tuto
780 2451 818 2494 ac
845 2427 911 2494 sine
936 2427 1004 2495 ullo
1027 2429 1162 2498 vulnere
1181 2453 1222 2498 ao

130 2529 154 2561 ⁴⁴
172 2515 320 2619 periculo
333 2539 388 2582 sex
404 2514 553 2582 tabulata
577 2522 819 2590 exstruxerunt,
844 2516 1074 2602 fenestrasque,
1100 2517 1223 2605 quibus

132 2615 157 2647 ⁴⁴
172 2627 207 2669 rn
222 2603 300 2669 locis
309 2603 417 2669 'visum
432 2613 493 2677 est,
513 2599 556 2666 ad
576 2612 738 2667 tormenta
751 2600 908 2666 mittenda
926 2602 959 2666 in
977 2602 1132 2668 struendo
1146 2605 1221 2670 reli·

134 2701 159 2733 ‘⁴
200 2691 352 2756 uerunt.’'
1055 2741 1057 2746 .

175 2713 233 2843 it).
258 2776 327 2844 Ubi
347 2800 388 2842 cx
411 2797 451 2841 ea
472 2774 570 2850 turri,
593 2796 666 2862 quae
686 2773 809 2839 circum
835 2785 950 2850 essent,
974 2795 1073 2861 opera
1088 2774 1173 2840 tueri
1188 2797 1224 2840 se
1340 2765 1344 2772 ¹

133 2885 226 2956 posse
238 2861 347 2929 contisi
357 2873 452 2938 sunt3
474 2853 655 2927 riiusculum
670 2859 790 2950 pedum
806 2858 865 2924 LX
878 2860 1024 2950 longum,
1037 2883 1077 2926 ex
1086 2861 1224 2930 materia

172 3055 327 3120 qus'nerrto,
338 3066 362 3104 r.
373 3066 398 3101 c.
408 3049 507 3112 cilicie,
521 3051 599 3100 corio
617 3051 656 3100 ΙΙ.
705 3051 738 3099 sd
750 3049 862 3110 tollenda
878 3056 904 3116 et
922 3049 1044 3100 elersuds
1054 3063 1140 3110 onem,
1159 3051 1224 3112 sive,

170 3121 376 3174 &summ
388 3117 575 3181 Meiimrslgo,
586 3116 658 3166 dass.
706 3123 735 3163 ut
752 3115 844 3165 vossio
864 3116 896 3166 sd
914 3113 940 3162 h.
954 3115 971 3163 Ι.
988 3125 1015 3164 et
1031 3116 1102 3165 Into
1117 3113 1142 3163 in
1158 3117 1223 3166 Lex.

134 3183 175 3236 Π.
708 3177 854 3230 Vitruvium
876 3179 982 3240 videtur,
1003 3179 1223 3245 hypomochlion.

172 3244 657 3314 mopstextiiesiIiusquobu·
706 3247 745 3296 ΙΙ.

137 3329 195 3365 nus
212 3313 364 3364 iustemitur.
383 3313 536 3362 Mosrmes.
547 3312 656 3364 Decies.
741 3313 935 3364 Quantsmstor.
945 3307 1012 3360 dm.
1020 3310 1115 3372 potieb-
1130 3317 1225 3372 quanta

138 3378 178 3431 Π.
194 3378 359 3429 onumen.
381 3377 414 3426 V.
425 3377 477 3426 lud.
705 3383 760 3425 esst
777 3373 910 3424 storiarum
930 3374 1146 3438 propendentem
1169 3375 1245 3424 lon--

172 3444 429 3508 &amputato-
451 3439 657 3507 Oudmslitqua,
702 3439 792 3506 gitudo
811 3441 843 3488 sd
863 3439 979 3488 homines
994 3438 1224 3503 interspersnoum

139 3506 428 3560 etiarmssuetnsii.
704 3506 881 3568 protegendos.
899 3505 1019 3554 (ladius.

173 3575 360 3638 rerem.
381 3573 438 3622 Por
452 3585 491 3620 css
504 3579 567 3621 m
582 3566 658 3620 cem
739 3571 911 3620 Pronum.
941 3567 992 3618 Hic
1010 3568 1169 3618 consentiunt
1179 3585 1224 3620 co-

137 3653 246 3702 norque
259 3634 476 3702 mdqsicoque,
494 3651 542 3699 que
558 3638 592 3683 tes
607 3649 659 3683 m·
704 3634 784 3694 dices,
809 3634 857 3683 nisi
877 3635 945 3698 quod
965 3637 1095 3698 pressione
1121 3633 1224 3696 hebent,

137 3711 198 3754 som
207 3702 285 3766 qs'ots
291 3703 424 3766 camois
434 3715 502 3765 pour
520 3697 659 3749 saevam
704 3715 768 3749 unus
779 3699 856 3748 etiem
867 3707 988 3762 comupte
997 3701 1120 3761 pomisne.
1135 3701 1173 3749 M.
1194 3737 1195 3742 ,

137 3765 658 3832 dshplatslomdtoe'tdasslaptote·
742 3765 1019 3814 rmmmsuesda.
1044 3761 1095 3812 rid.
1119 3763 1173 3813 lud.
1196 3763 1224 3814 ia

131 3829 314 3896 lomus-rs
330 3833 355 3882 s't
371 3831 437 3880 dos·
462 3844 509 3877 son
528 3825 657 3892 όᾳιαιῶη.
703 3837 862 3879 mestum.
897 3826 1224 3880 neomninoctocoeont.

140 3895 350 3947 cuinmrdnff.
360 3897 386 3943 4.
394 3909 453 3957 pag.
468 3896 521 3942 tls.
704 3893 815 3942 '1¹umebi
827 3894 931 3946 adven.
944 3896 982 3950 11,
993 3895 1034 3942 94.
1052 3894 1090 3942 Μ.
1107 3893 1224 3970 intellige

173 3963 318 4020 Prslssnss'o,
375 3957 657 4021 nsmsclriooe,quoper
703 3957 810 4022 grandis
835 3957 943 4009 missilia
965 3973 980 4006 e
1008 3957 1136 4008 tormentis
1163 3969 1223 4010 mtt-

138 4027 244 4077 modnm
265 4039 314 4088 sot,
385 4032 500 4074 ¹tectum
518 4023 561 4071 vel
576 4023 657 4086 tigne·
704 4023 787 4073 teum.

139 4091 223 4141 times
250 4090 415 4139 sublevantur
440 4096 466 4138 et
496 4088 658 4138 adtolluntur.
740 4087 986 4152 Pedumlaegcum
1002 4085 1062 4137 aliis
1077 4089 1161 4154 peda.
1183 4091 1223 4143 M.

141 4157 232 4206 catos.
248 4152 477 4205 eodkevsrimsz
487 4167 545 4201 nam
556 4159 582 4200 et
635 4167 659 4203 t·
705 4152 808 4218 Lipsius
824 4154 939 4202 emendat
951 4153 1045 4217 pedm
1057 4153 1108 4204 IX.
1127 4153 1183 4206 Pol.
1198 4159 1221 4219 l,

139 4217 565 4285 monumneqmesipm
597 4216 658 4266 isra·
707 4221 731 4269 9.
754 4217 860 4266 Rectius
870 4217 905 4268 sic
917 4217 1028 4268 omuino.

137 4284 182 4341 vic
190 4289 261 4350 lm.
269 4282 569 4340 memmstuuiouss
578 4281 657 4336 tuisse
738 4281 1136 4352 Hotsrtabs'pmigasbipedslis.
1153 4285 1191 4340 Μ.
