2909 4809
228 167 294 304 d20
571 227 635 298 llll
657 219 807 298 BELLO
831 217 987 298 CIVILI.
1075 213 1084 280 .‘

231 417 366 487 Cesaris
379 429 602 507 exspectatur:
625 417 751 484 nullum
763 441 804 484 ex
816 439 922 492 muro,
938 413 1095 480 nulluma
1110 409 1225 478 nostris
1247 409 1320 478 mit-

230 507 314 572 titur
341 505 462 581 telum;
486 517 585 587 utre
608 505 768 582 confecta,
795 525 902 569 omnes
929 525 1047 578 curam¹
1061 511 1095 566 et
1119 498 1319 586 diligentiam

231 591 413 658 remittunt.
458 591 565 658 Caesar
592 592 677 657 enim
703 615 764 681 per
788 591 911 658 litteras
936 587 1101 654 Trebonio
1124 607 1321 674 magnopere

231 679 449 754 mandaverat,
463 701 502 743 ne
512 701 577 780 per
603 677 667 742 uim
692 677 852 768 oppidum
874 675 1051 764 expugnari
1071 685 1255 764 panaretum
1279 695 1320 736 ne

230 765 361 854 gravius
381 777 522 866 permotr
546 764 663 830 milites
689 778 723 829 et
743 763 930 830 defectionis
953 761 1026 828 odio
1048 775 1082 825 et
1104 758 1320 826 contemtione

204 902 208 907 .
230 851 280 916 sui
299 863 332 917 et
355 851 481 918 drutino
503 851 613 917 labore
633 873 740 916 omnes
762 850 899 940 puberes
918 847 1152 914 interficerent:
1176 845 1263 931 quod
1285 864 1319 910 se

231 936 374 1004 facturos
387 938 610 1012 minabantur-3
633 961 782 1026 aegreque
803 950 880 1002 tunc
892 947 965 1002 sunt
980 933 1109 1009 retenti,
1131 931 1210 1022 quin
1224 932 1319 1022 oppi-

229 1023 307 1090 dum
342 1023 448 1090 inrum
491 1034 577 1099 rent,
612 1024 822 1114 graviterque
856 1045 925 1088 eam
952 1045 1020 1086 rem
1049 1019 1209 1094 tulerunt,
1230 1017 1319 1106 quod

230 1112 354 1262 qttetisse
378 1135 435 1199 per
449 1049 663 1186 illebonam,
679 1110 864 1199 quominus
881 1107 1002 1200 oppido
1017 1109 1215 1197 potirentur,
1230 1105 1319 1172 vide-

273 1209 340 1262 tur.

277 1283 327 1348 14.
352 1283 398 1347 At
409 1281 514 1348 hostes
527 1285 593 1352 sine
608 1282 671 1348 fide
687 1294 813 1372 tempus
824 1293 921 1370 atque
934 1282 1129 1347 occasionem
1146 1278 1268 1345 fraudis
1280 1301 1318 1346 ac

228 1367 296 1434 doli
311 1382 476 1460 quaerunt3
499 1369 742 1458 interjectisque
756 1368 881 1458 aliquot
895 1368 1018 1444 diebus,
1038 1368 1152 1440 nostris
1166 1368 1320 1455 languen-

229 1455 319 1520 tibus
331 1469 429 1543 atque
443 1455 548 1521 animo
561 1455 707 1532 remissis,
720 1455 839 1532 subit0,
858 1453 1033 1532 meridiano
1046 1467 1204 1556 tempore,
1217 1475 1320 1540 quum

222 1541 312 1608 'alius
331 1540 530 1620 discessisset,
556 1543 638 1608 alius
663 1567 703 1608 ex
728 1542 853 1608 diutino
874 1541 983 1608 labore
1009 1541 1040 1605 in
1070 1543 1146 1629 ipsis
1168 1539 1321 1629 operibus

149 1669 152 1678 ·
228 1627 333 1716 quieti
360 1653 393 1695 se
419 1627 568 1705 dedisset,
594 1653 684 1696 arma
709 1653 787 1695 vero
812 1629 915 1695 omnia
942 1624 1084 1716 reposita
1106 1639 1322 1714 contectaque

227 1729 344 1793 essent,
371 1715 474 1806 portis
492 1741 526 1782 se
548 1717 633 1782 foras
652 1739 743 1783 erum
769 1729 840 1792 unt,
863 1713 1002 1780 secundo
1024 1734 1203 1800 magnoque
1223 1727 1320 1778 vento

228 1800 336 1890 ignem
351 1802 505 1893 operibus
519 1803 673 1869 inferunt.
757 1825 817 1867 unc
838 1803 882 1868 sic
905 1800 1031 1866 distulit
1043 1815 1168 1876 ventus,
1190 1800 1239 1866 nti
1254 1821 1320 1866 uno

125 1913 130 1924 ·
228 1901 376 1978 tempore
401 1911 514 1978 agger,
535 1891 656 1992 plutei,
681 1889 819 1964 testudo,
844 1887 955 1968 turris,
977 1899 1135 1953 tormenta
1161 1886 1321 1953 flammam

121 2001 124 2006 ·
227 1979 434 2065 conciperent
446 1989 480 2040 et
516 1976 660 2044 rrushaec
673 1977 779 2043 omnia
791 1987 1075 2049 consumerentur,
1109 1997 1193 2050 uam,
1209 1989 1319 2061 quern·

228 2061 404 2130 admodum
417 2001 593 2139 accidisset,
608 2063 750 2130 animum
764 2063 891 2128 adverti
904 2073 1020 2150 posset.
1101 2061 1192 2137 ostri,
1206 2081 1319 2163 repen·

227 2148 297 2213 tina
309 2149 441 2215 fortuna
456 2151 607 2238 permoti,
622 2173 721 2225 arma,
737 2173 809 2237 quae
824 2161 967 2237 possunt,
993 2146 1179 2236 adripiunt:
1202 2147 1256 2212 alir
1278 2171 1319 2216 ex

168 2295 174 2308 Ι
226 2235 340 2300 castris
362 2259 427 2301 sese
445 2235 598 2310 incitant3
629 2235 667 2301 fit
680 2237 712 2300 in
727 2236 824 2301 hostis
844 2235 988 2323 inpetum
1010 2235 1065 2300 sed
1086 2258 1180 2300 muro
1193 2235 1320 2322 sagittis

224 2323 460 2410 tormentisque
475 2320 636 2424 fugientes
648 2321 795 2411 persequi
807 2320 1030 2410 prohibentur.
1053 2321 1105 2386 Illi
1117 2323 1178 2388 sub
1190 2345 1320 2388 murum

226 2430 261 2471 se
284 2408 445 2496 recipiunt
474 2409 583 2496 ibique
609 2410 786 2474 musculum
811 2407 925 2473 turrim
951 2432 990 2474 ue
1018 2407 1191 2474 lateritiam
1216 2408 1320 2478 libere

226 2490 410 2560 incendunt.
450 2494 501 2559 lta
524 2495 699 2560 multorum
724 2495 878 2562 mensium
904 2431 997 2560 libor
1019 2494 1156 2560 hostium
1171 2495 1319 2585 perfidia,

225 2584 262 2644 e't
288 2581 320 2646 vi
346 2595 413 2648 tem
455 2582 556 2658 statis,
584 2594 707 2672 puncto
733 2596 797 2648 tem
843 2581 886 2647 ris
914 2581 1049 2646 interiit.
1094 2581 1319 2648 Tentaverunt

224 2663 287 2732 lroc
302 2665 386 2733 idem
441 2669 613 2735 assiliensee
632 2683 762 2760 postero
782 2605 850 2734 dpp:
874 2668 1026 2734 eamdem·
1039 2668 1126 2734 nacti
1147 2677 1317 2759 tempesta·

223 2763 304 2830 tem,
331 2755 444 2842 majori
474 2779 547 2821 cnm
575 2755 690 2822 fiducia
714 2756 757 2822 ad
786 2756 923 2822 alterum
952 2769 1074 2820 turrem
1100 2778 1317 2844 aggeremque

222 2841 395 2928 eruptione
409 2854 637 2930 pugnaverunt
657 2843 861 2928 multumque
881 2841 987 2930 ignem
1001 2841 1192 2907 intulerunt.
1238 2843 1316 2919 Sed,

225 2936 266 2990 nt
273 2927 447 3014 superioris
459 2928 612 3017 temporis
622 2930 858 2994 contentionem
870 2928 970 2994 nostri
983 2951 1107 2994 omnem
1121 2930 1318 3006 remiserant,

223 3011 283 3087 ita,
299 3013 437 3102 proxImi
449 3012 513 3079 diei
525 3037 599 3079 nasu
611 3013 778 3090 admoniti,
788 3013 941 3081 omniaad
957 3013 1170 3081 defensionem
1183 3039 1317 3104 parave-

225 3110 311 3164 rant.
356 3099 483 3188 ltaque,
498 3099 607 3167 multis
619 3101 808 3180 interfectis,
834 3100 975 3190 reliquos
986 3099 1105 3168 infecta
1124 3125 1160 3168 re
1173 3101 1206 3169 in
1220 3103 1316 3196 oppi-

224 3183 306 3251 du'm
319 3209 356 3252 re
380 3187 522 3253 ulerunt.
744 3207 747 3212 ·

259 3272 323 3375 .¹.⁵·
345 3209 527 3340 liebonius
541 3299 590 3352 ea,
619 3300 692 3364 quae
708 3287 783 3342 sunt
797 3275 919 3354 amissa,
934 3273 1038 3341 multo
1061 3276 1182 3366 majore
1206 3273 1315 3342 studio

224 3357 365 3426 mrbtum
378 3359 600 3428 administrare
619 3377 653 3428 et
673 3362 805 3430 reficere
826 3361 977 3428 instituit.
1024 3363 1121 3440 Nam,
1136 3363 1192 3430 nbi
1208 3377 1315 3430 tantos

224 3467 299 3512 snos
311 3445 438 3514 laborm
450 3459 485 3513 et
494 3447 671 3538 adparatus
684 3451 767 3518 male
778 3449 924 3516 cecidisse
937 3449 1103 3527 viderunt,
1116 3450 1315 3541 induciisque

260 3619 340 3669 Am
356 3625 472 3672 mateola.
488 3621 541 3670 vid.
562 3623 596 3671 ad
613 3621 643 3671 Β.
666 3621 698 3672 G.
720 3625 746 3683 2,
829 3625 905 3674 Muro
915 3626 1189 3690 saputem-otiosum,
1205 3623 1313 3692 sagittis,

225 3683 267 3731 at.
286 3684 324 3732 Μ.
795 3701 893 3738 eruum
904 3688 997 3750 missis.
1016 3691 1052 3738 M.

247 3750 293 3795 'Se
304 3749 376 3812 forna
393 3757 537 3815 erumpat.
570 3750 613 3800 Sic
633 3761 658 3802 et
675 3751 746 3816 virg.
827 3755 927 3816 Majm.
944 3751 995 3802 Alii
1007 3759 1155 3820 nuperque.

223 3811 256 3860 G.
275 3814 300 3871 ⁴,
317 3815 374 3862 868.
405 3813 445 3863 cl.
466 3824 493 3863 et
516 3815 616 3880 Berger.
639 3817 672 3866 de
693 3825 745 3866 nat.
829 3819 970 3882 &peroro
995 3823 1108 3884 empore
1134 3823 1311 3872 ωπίοηᾶαηικ

262 3876 309 3952 lor.
328 3885 392 3926 orat.
409 3894 436 3942 p.
459 3883 516 3930 ⁴08.
530 3887 557 3930 et
569 3881 698 3932 Drakenb.
712 3883 746 3932 ad
793 3881 935 3945 (antiquam
956 3881 1144 3944 fortitudinem)
1163 3890 1311 3938 remiseram

243 3941 317 3989 ulrum
331 3944 369 4001 tr,
381 3947 438 3992 438.
840 3947 968 4012 reliquot
988 3947 1063 4010 dies).
1094 3951 1133 4000 Μ.
1175 3949 1263 4001 Ciacc.
1284 3961 1311 4002 et

261 4006 396 4056 Tomenta
418 4004 558 4073 staurium
583 4015 744 4077 commeat.
834 4011 912 4062 visiun
929 4013 1032 4062 mallent
1052 4017 1176 4080 superiori
1194 4023 1311 4082 tempere.

224 4067 498 4140 Vutgcmwataqw.
530 4075 594 4128 Edd.
610 4085 662 4127 vet.
680 4080 745 4128 acci·
792 4091 929 4142 nonopus.
954 4077 995 4127 Sic
1013 4083 1090 4130 c.40.
1109 4081 1311 4147 odeupertorem

219 4143 316 4202 W·
792 4158 866 4262 m
878 4143 968 4198 matta
981 4148 1113 4213 presentia
1128 4151 1245 4214 temporit
1258 4151 1313 4218 opt·
