2909 4809
243 243 289 312 30
548 239 1031 329 nussssoosuurco.

245 426 530 501 timeredicebaut.
576 428 737 497 Nonnulli
749 428 845 495 etiam
856 428 975 496 Caesari
986 416 1345 519 renunciabantqusm

245 528 350 583 castra
361 518 485 583 moveri
499 540 536 581 ao
550 516 641 605 signa
653 516 732 591 ferri
742 516 895 605 jussisset,
915 540 980 583 non
994 518 1064 585 fore
1077 517 1166 585 dicto
1177 517 1344 587 audientes

245 602 378 679 milites,
390 627 447 671 nec
460 615 599 693 propter
614 604 763 673 timorem
774 604 865 692 signa
876 604 1010 672 laturos.

285 689 339 757 40.
355 690 436 757 Haec
445 715 548 779 quum
556 689 841 766 animadvertisset,
850 705 1025 759 convocato
1034 691 1343 768 consilio,omnium-

241 776 1344 865 queordinumadidconsiliumadhibitisCenturiouibus,vehemen-

241 874 291 927 ter
304 888 358 931 eos
372 864 546 931 incusavit:
580 876 603 906 ‘⁴
616 864 773 939 Primum,
784 864 884 965 quod,
899 877 957 931 aut
969 891 1067 954 quam
1080 867 1113 933 in
1127 880 1267 957 partem,
1282 881 1344 940 aut

140 1031 142 1033 ¹
230 959 263 989 '⁶‘
280 976 348 1041 quo
363 952 493 1021 consilio
507 952 715 1027 ducerentur,
737 951 799 1024 sibr
819 953 1029 1040 quaerendum
1051 968 1110 1019 aut
1132 948 1343 1045 cogitandum

239 1046 262 1077 “
305 1052 445 1106 utareut.
484 1038 698 1115 Ariovistum,
732 1062 766 1105 se
801 1038 954 1115 Consule,
987 1041 1189 1129 cupidissimo
1219 1042 1343 1130 Populi

239 1134 261 1165 “
312 1124 417 1193 omani
441 1125 612 1193 amicitiam
633 1124 807 1215 adpetisse3
837 1149 896 1191 cur
919 1124 1005 1193 hunc
1027 1141 1094 1194 tam
1113 1140 1233 1195 temere
1252 1129 1343 1217 quis·

238 1221 260 1251 “
277 1237 376 1301 quam
390 1212 434 1277 ab
448 1212 554 1281 officio
567 1212 779 1279 discessurum
796 1212 976 1315 judicaret?
1015 1214 1086 1280 Sibi
1110 1215 1243 1302 quidem
1265 1238 1341 1303 per-

238 1308 260 1338 “
276 1300 414 1375 suaderi,
429 1300 565 1389 cognitis
575 1300 640 1365 suis
654 1299 826 1388 postulato
839 1312 940 1387 atque
950 1302 1104 1389 aequitate
1118 1301 1341 1369 conditionum

237 1396 259 1427 “
275 1400 458 1476 perspectu,
473 1410 548 1452 eum
561 1409 667 1475 neque
681 1410 783 1462 suam,
797 1410 901 1473 neque
916 1386 1036 1475 Populi
1051 1388 1188 1465 Romani
1199 1389 1340 1476 gratiam

236 1483 258 1513 “
276 1497 311 1539 re
337 1474 533 1541 udiaturum.
581 1473 678 1549 Quod
707 1474 733 1539 si
757 1474 869 1541 furore
898 1486 998 1561 atque
1023 1477 1162 1541 amentia
1189 1475 1339 1565 inpulsus

236 1569 258 1599 ‘⁴
275 1500 400 1627 bellum
414 1561 584 1648 intulisset,
600 1560 679 1649 quid
695 1560 823 1627 tandem
837 1567 1047 1627 vererentur?
1079 1574 1138 1627 aut
1153 1585 1213 1628 our
1225 1561 1340 1629 desua

235 1656 257 1687 “
274 1647 409 1727 virtute,
424 1662 483 1713 aut
493 1649 534 1714 de
547 1648 647 1735 ipsius
661 1646 839 1736 diligentia,
854 1647 1081 1735 desperarent?
1117 1648 1255 1715 Factum
1268 1651 1338 1738 ejus

234 1742 257 1775 “
273 1733 373 1803 hostis
409 1731 592 1825 periculum
629 1747 764 1823 patrum
797 1747 983 1802 nostrorum
1019 1736 1186 1813 memorio,
1219 1760 1336 1824 quum,

234 1832 256 1861 ‘⁶
275 1822 417 1889 Cimbris
428 1835 464 1889 et
470 1822 624 1893 Teutonis
635 1846 654 1886 a
667 1822 707 1887 C.
721 1822 830 1887 Mario
842 1822 954 1912 pulsis,
964 1844 1028 1887 nou
1040 1824 1196 1889 minorem
1207 1822 1336 1889 laudern

233 1920 255 1951 “
272 1910 442 1986 exercitus,
455 1909 573 1999 quam'
601 1933 633 1975 se
648 1908 843 1999 Imperator,
855 1910 990 1977 meritus
1000 1910 1189 1977 videbatur:
1211 1910 1337 1977 factum

232 2008 255 2039 “
270 1998 368 2065 etiam
391 2020 496 2098 nuper
520 1996 553 2063 in
587 1996 662 2063 talia
682 1996 791 2063 servili
806 1996 965 2073 tumultu,
989 2021 1072 2085 quos
1090 2009 1198 2065 tamen
1210 1996 1336 2086 aliquid

231 2095 254 2143 ‘.‘
271 2110 347 2151 usus
361 2108 399 2149 ao
412 2084 591 2184 disciplina,
616 2107 715 2171 quam
736 2084 864 2159 anobis
883 2084 1090 2173 accepissent,
1113 2085 1333 2151 sublevarent.

231 2182 253 2213 “
270 2170 321 2237 Ex
345 2196 412 2271 quo
432 2170 569 2259 judicari
587 2184 707 2258 posset,
731 2184 892 2258 quantum
910 2170 1044 2238 haberet
1066 2172 1099 2239 in
1119 2182 1152 2239 'se
1166 2172 1245 2239 boni
1259 2196 1334 2239 oon·

230 2268 252 2302 ‘⁶
268 2270 402 2333 sunum
440 2270 616 2345 propterea
644 2256 745 2343 quod,
769 2280 852 2345 quos
877 2256 1084 2346 aliquamdiu,
1101 2258 1240 2325 inermos
1265 2260 1333 2327 sine

229 2355 252 2385 ‘⁶
268 2367 378 2410 caussa
392 2343 582 2419 timuissent,
606 2342 664 2409 hos
687 2356 804 2432 postea
818 2357 971 2411 armatos.
983 2370 1020 2416 ac
1035 2347 1172 2414 victores
1185 2370 1332 2435 superas·

228 2442 250 2473 “
265 2442 348 2497 seut·
394 2430 545 2517 Denique
568 2430 625 2496 hos
647 2454 713 2497 esse
736 2431 875 2507 eosdem,
896 2434 1092 2533 quibuscum
1108 2456 1331 2535 saepenumero

226 2529 248 2559 “
268 2517 411 2583 Helvetii
424 2518 597 2606 congressi,
620 2540 685 2585 non
703 2518 809 2587 solum
828 2519 861 2585 in
875 2542 952 2597 suis,
969 2520 1136 2587 sedetiam
1148 2545 1182 2587 ru
1194 2521 1329 2591 illorum

225 2617 248 2647 “
264 2604 393 2682 finibus,
409 2604 603 2695 plerumque
617 2605 814 2695 superarint,
834 2606 893 2695 qui
907 2618 1014 2674 tamen
1027 2632 1121 2697 pares
1133 2631 1199 2673 esse
1212 2622 1326 2677 nostro

225 2691 408 2759 “exercitu
435 2714 499 2759 non
526 2693 706 2782 potuerint.
751 2693 789 2759 Si
840 2716 898 2759 uos
919 2694 1089 2761 &versum
1115 2695 1269 2783 proelium
1294 2709 1331 2763 et

226 2792 248 2821 ‘⁴
264 2782 344 2869 fuga
371 2778 546 2847 Gallorum
568 2792 797 2857 commoveret,
814 2718 891 2858 isos,
915 2781 943 2849 si
966 2794 1161 2871 quererent,
1184 2782 1330 2871 reperire

260 2972 344 3025 Qumis
353 2966 568 3019 animadvertisset.
603 2965 687 3031 vulgo
707 2969 752 3017 sd-
798 2967 1121 3033 C.l{.lcgeudumscottm
1133 2969 1208 3019 dem.
1239 2968 1327 3022 Sedid

224 3036 284 3083 dunt
303 3036 396 3092 Coesar,
409 3034 479 3096 quod
495 3029 583 3095 scripti
600 3046 752 3097 nonagnos·
797 3034 957 3082 subauditur.
1158 3070 1161 3075 .

224 3106 292 3151 cunt.
833 3100 927 3163 Nuper,
955 3106 1014 3162 post
1032 3095 1191 3147 Cimbricum
1217 3098 1327 3159 bellum,

259 3162 549 3215 Constet—consitium.
577 3161 619 3211 Sic
630 3162 688 3211 edd.
698 3169 750 3213 vet.
797 3162 867 3213 bello
878 3162 973 3222 servili,
982 3165 1051 3228 quod
1061 3162 1214 3226 qupitomc
1224 3167 1256 3214 97
1265 3165 1326 3233 Liy.

222 3238 247 3279 et
258 3229 332 3278 codd.
345 3227 466 3291 potiores.
796 3228 909 3279 historias
925 3236 1077 3278 memoratur
1093 3236 1119 3277 et
1136 3244 1152 3278 a
1168 3229 1247 3279 servis
1263 3231 1326 3280 Ger·
1383 3243 1385 3248 ·

257 3290 749 3352 cmmemordtnsm‚i.e.,centurisrum.
796 3292 887 3353 manis,
904 3295 988 3358 captis
1007 3310 1024 3345 a
1044 3292 1136 3353 Mario,
1157 3303 1256 3357 gestum
1276 3306 1324 3347 est.

222 3360 325 3407 Etcum
337 3360 435 3422 priores
446 3356 558 3421 cujusvis
572 3357 682 3423 legionis
691 3372 751 3407 ceu·
796 3358 883 3421 ltaque
892 3358 976 3409 Cessas
985 3360 1327 3422 hocexempiodemonstrat,

222 3422 296 3475 turias
324 3423 417 3473 fuerint
442 3421 597 3472 honestiores
623 3422 750 3486 (digniore
795 3422 862 3472 rinei
873 3424 1010 3474 Gemunos
1020 3440 1105 3489 posse.
1131 3428 1221 3475 Celtas.
1253 3427 1324 3475 Idem

221 3488 311 3555 gradu)
326 3488 426 3546 ceteris,
436 3488 543 3551 ideoque
555 3488 679 3553 primores
690 3502 750 3545 cen,-
794 3486 939 3548 Glaresnoe,
953 3488 1122 3553 Glaudorpius
1139 3498 1164 3539 et
1182 3490 1324 3551 Hotoman-

221 3553 333 3606 turiones
342 3552 433 3601 ceteris
444 3552 537 3601 honore
547 3552 655 3617 praelati,
665 3560 750 3629 potest
793 3566 841 3603 nus
851 3564 1005 3615 monuerant.
1021 3556 1060 3604 Μ.

222 3620 286 3670 illud
300 3621 412 3669 omnium
427 3618 542 3667 ordinum
559 3618 637 3669 etiem
654 3616 750 3683 siguifi-
830 3620 895 3672 Quos
911 3634 948 3667 sc.
959 3635 1054 3668 servos.
1070 3620 1109 3668 M.

220 3704 288 3801 carle,
298 3687 408 3801 mmm
415 3682 551 3797 quluusng.
570 3685 607 3797 ii!
824 3685 937 3762 Aliquod.
953 3684 996 3735 Sic
1004 3685 1080 3737 codd.
1089 3692 1114 3734 et
1121 3684 1237 3738 eddret.
1243 3685 1323 3750 vulgo

278 3768 303 3801 03
390 3782 395 3796 ι
462 3763 503 3797 sc·
550 3783 556 3795 ι
606 3783 612 3795 ι
884 3784 892 3797 ι

255 3820 295 3865 De
314 3830 362 3865 suo
380 3810 514 3875 (militum)
531 3817 630 3873 virtute,
651 3822 697 3867 citt
715 3812 747 3865 de
829 3814 997 3866 Subtemen.
1018 3814 1081 3881 leg.
1092 3817 1250 3867 suanam.
1268 3816 1323 3868 Res

217 3882 293 3947 ἱρήια
303 3876 574 3943 (morimarusam.
590 3880 629 3929 M.
793 3879 920 3942 praeterita
930 3888 977 3929 est.
993 3880 1032 3929 M.

256 3944 559 4001 Nonnumlasstemmtc.
600 3942 746 3993 Alistrsdit
809 3944 978 4002 ,Constanttm
998 3944 1097 3997 animus
1118 3946 1267 4013 intrepidus.
1293 3955 1323 3999 ut

220 4008 319 4065 Celsus,
331 4024 357 4071 p.
371 4012 411 4057 m.
422 4016 446 4056 et
458 4010 525 4057 Plut.
536 4026 561 4055 v.
572 4008 638 4058 Caes.
650 4025 673 4057 c.
688 4010 727 4057 19.
790 4008 860 4071 apud
870 4008 941 4057 Curt.
952 4014 975 4068 3,
990 4012 1027 4060 12.

259 4072 400 4121 Videbatur.
425 4070 619 4134 [recidebam
648 4074 745 4121 Etiam·
828 4074 888 4123 Esse
902 4074 1005 4123 eosdem.
1039 4075 1124 4140 Vulgo
1138 4078 1240 4137 addunt,
1259 4078 1322 4129 cer-

219 4136 521 4188 numromindicsutibus
536 4138 686 4189 itavidetur.
704 4140 743 4187 M.
792 4154 886 4189 manos.
908 4140 946 4189 M.
989 4140 1075 4191 Etiam
1103 4144 1161 4193 edd.
1182 4152 1233 4195 ret.
1258 4146 1323 4195 Ger·

219 4204 268 4253 Sed
289 4202 315 4253 in
332 4202 435 4266 vulgato
454 4202 609 4258 consentiunt
623 4206 698 4253 codd.
718 4212 745 4253 ct
792 4206 990 4255 mentorem
998 4208 1101 4256 eosdem.

217 4270 275 4321 edd.
658 4332 693 4345 ..
827 4268 1089 4339 Mammam
1103 4272 1318 4329 Gau..ct.c.sr

202 4362 207 4369 ·
252 4336 360 4387 Factum
373 4336 449 4387 ecam
466 4347 554 4399 nuper.
586 4334 707 4404 Praecrprt
722 4334 743 4389 1.
789 4340 816 4388 et
829 4334 868 4386 1⁵.
884 4336 925 4394 M,
