2909 4809
245 252 312 321 208
555 246 620 324 DE
643 246 797 318 BELLO
821 244 1044 317 GALLICO.

287 440 342 505 73.
356 438 449 507 ‘Erat
471 434 586 504 eodem
611 448 772 527 tempore.
786 448 820 503 et
846 436 1011 503 materiari
1036 446 1071 502 et
1093 432 1287 502 fiumentari
1310 448 1342 503 et

244 538 353 593 tantas
366 527 558 593 munitiones
572 522 642 591 lieri
654 548 793 601 necesse,
814 524 987 592 deminutis
1008 524 1124 591 nostris
1139 524 1251 612 copiis,
1273 548 1342 612 quae
1419 565 1420 587 r

245 613 373 703 longius
394 614 438 679 ab
455 612 568 679 castris
590 613 906 701 progrediebantur:
930 636 968 677 ae
988 634 1226 761 nonnumpuam
1248 634 1344 711 opera

245 713 356 767 nostra
375 700 466 767 Galli
485 711 614 765 tentare
636 712 736 789 atque
756 700 961 789 eruptionem
986 722 1027 765 ex
1048 698 1127 787 oppi
1152 720 1172 761 o
1194 697 1342 786 pluribus

246 788 351 875 portis
372 809 498 853 summa
518 786 552 852 vi
574 786 680 851 facere
701 786 914 853 conabantur.
962 786 1072 862 Quare
1093 784 1218 849 adhaec
1236 808 1343 849 rursus

245 897 345 962 opera
359 873 545 941 addendum
558 874 667 938 Caesar
681 874 824 961 putavit,
839 898 906 961 quo
921 872 1043 939 minore
1057 894 1190 938 numero
1205 872 1343 937 militum

244 962 436 1029 munitiones
449 960 581 1027 defendi
600 972 739 1049 possent.
786 972 808 1001 ‘⁶
823 958 941 1049 ltaque
964 960 1088 1026 truncis
1108 960 1266 1025 arborum
1288 970 1343 1023 aut

246 1058 270 1088 “
285 1047 462 1115 admodum
475 1047 575 1113 firmis
591 1048 687 1113 rumis
706 1048 848 1123 abscisis,
871 1062 971 1137 atque
985 1048 1102 1111 horum
1117 1046 1295 1113 dolabratis
1308 1068 1343 1111 ac

247 1146 271 1175 “
311 1134 458 1202 mentis
471 1134 702 1210 cacuminibus,
717 1148 885 1235 perpetuae
901 1136 1001 1211 fossae,
1018 1134 1133 1223 quinos
1148 1134 1246 1223 pedes
1260 1133 1344 1206 altar,

245 1232 270 1262 ‘⁴
286 1160 504 1287 ducebantur.
541 1220 619 1286 Huc
633 1221 681 1286 illi
695 1222 822 1309 stipites
835 1220 962 1287 demissi
975 1233 1009 1287 et
1022 1222 1065 1289 ab
1075 1218 1183 1285 infimo
1198 1220 1344 1295 revincti,

245 1319 270 1349 “
286 1332 327 1375 ne
341 1308 456 1375 revelli
469 1321 611 1397 possent,
631 1309 675 1375 ab
696 1309 793 1374 rantis
816 1309 1008 1375 eminebant.
1054 1308 1155 1383 Quini
1177 1322 1273 1375 erant
1297 1328 1345 1373 or-

246 1404 271 1435 “
285 1396 387 1473 dines,
409 1394 573 1484 conjuncti
596 1396 682 1461 inter
701 1420 736 1462 se
750 1408 850 1497 atque
865 1396 1027 1485 inplicati3
1049 1418 1117 1483 quo
1131 1396 1189 1482 qui
1207 1396 1347 1461 intrave-

246 1494 271 1524 “
288 1496 374 1560 rant,
389 1508 424 1549 se
442 1484 503 1571 ipsi
522 1482 710 1549 acutissimis
725 1482 818 1548 vallis
837 1482 1024 1549 induebant.
1073 1481 1144 1548 Hos
1165 1482 1279 1573 cippos
1291 1480 1345 1545 ad·

246 1581 271 1610 ‘⁴
330 1570 465 1637 llabant.
510 1570 599 1636 Ante
621 1570 692 1646 bos,
714 1570 783 1636 obli
808 1571 856 1635 uis
878 1568 1046 1637 ordinibus
1075 1568 1108 1635 in
1134 1570 1346 1656 quincuncem

245 1667 270 1698 ‘'‘
285 1594 468 1747 dispositos,
478 1659 607 1725 scrobes
618 1658 720 1724 trium
733 1658 766 1723 in
779 1594 983 1723 iltitudinem
996 1654 1116 1758 pedum
1128 1656 1344 1724 fodiebantur.
1420 1706 1421 1711 ,

245 1745 456 1835 “paullatim
479 1746 666 1832 angustiore
694 1744 737 1809 ad
765 1744 908 1809 infimum
936 1744 1077 1832 fastrgio.
1124 1742 1202 1809 Huc
1228 1756 1346 1812 teretes

245 1843 270 1873 “
284 1833 424 1923 stipites,
437 1832 561 1897 feminis
571 1831 794 1908 crassitudine,
806 1832 850 1897 ab
859 1855 982 1897 summo
991 1830 1145 1920 prmouti
1155 1842 1190 1895 et
1202 1830 1346 1921 praeusti,

245 1930 270 1960 “
285 1919 540 1986 demittebantur
554 1920 612 1994 ita.
636 1931 673 1985 nt
687 1941 752 1985 non
766 1919 905 2021 amplius
919 1918 1030 2006 digitis
1069 1928 1189 1982 uatuor
1203 1942 1245 1984 ex
1260 1932 1347 1986 terra

246 2017 270 2049 “
285 2007 480 2073 eminerent:
502 2007 611 2084 simul,
625 2006 836 2073 confirmandr
849 2018 884 2072 et
897 1943 1083 2073 stabiliendi
1097 2028 1218 2082 cauma,
1230 2004 1347 2095 singuli

245 2095 328 2159 “ab
354 2093 464 2159 infimo
484 2092 555 2159 solo
583 2092 796 2183 pedesterra
822 2094 1091 2159 exculcabantnr:
1124 2091 1252 2179 reliqua
1269 2114 1346 2195 pars

246 2194 270 2223 ‘⁴
285 2179 408 2247 scrobis
427 2180 471 2245 ad
486 2180 693 2245 occultandas
713 2180 840 2245 insidias
856 2180 1027 2246 viminibus
1047 2202 1085 2245 ac
1100 2180 1254 2267 virgultis
1268 2196 1347 2247 mte-

280 2390 630 2457 mammutium.
820 2394 953 2443 summitas
972 2411 993 2441 s.
1013 2409 1126 2443 summus
1143 2408 1236 2455 margo.
1281 2394 1346 2458 Ergo

280 2460 451 2521 Erat—fieri
476 2473 580 2507 messe.
621 2456 651 2505 Ti
676 2473 774 2506 neeesse
820 2460 948 2523 fastigium
959 2466 997 2507 est
1010 2459 1154 2507 extremitas
1165 2458 1261 2509 infima.
1296 2460 1347 2510 Ou-

245 2524 317 2573 deest
327 2525 352 2573 in
361 2523 514 2589 quibusdam
524 2524 599 2572 codd.
610 2522 647 2571 sic
658 2533 685 2571 et
696 2523 772 2572 alibi.
820 2524 976 2588 dendorpius
989 2524 1044 2587 jam
1055 2524 1161 2572 contulit
1173 2523 1245 2589 Virg.
1256 2524 1347 2587 Georg.

248 2590 307 2639 vic
318 2589 443 2639 Gmuorsi
454 2588 565 2637 Obserr.
576 2592 602 2647 4,
613 2593 638 2637 8.
821 2594 846 2649 9,
859 2594 916 2649 288,
929 2590 1038 2652 sortitur
1054 2598 1078 2639 et
1091 2590 1293 2654 atrocibusque
1304 2595 1349 2641 sss

281 2657 460 2705 mn.
468 2672 523 2719 esp.
534 2654 632 2703 utsdeo
640 2654 775 2703 deminue·
816 2655 931 2719 sumpla,
940 2669 1050 2717 was.
1061 2664 1087 2703 et
1096 2654 1203 2713 monuit,
1214 2656 1346 2705 lectionem

246 2728 374 2770 retrturco
393 2720 433 2769 it.
451 2722 487 2769 dl.
821 2720 1347 2783 alteram,udssrssmrsssproudisfimns,

280 2788 331 2835 Aut
385 2804 420 2833 ss.
430 2788 523 2847 firmis.
555 2784 689 2833 Editiones
702 2800 772 2847 quss-
821 2784 1348 2849 esseacorrectioneeomm,quilastigiuru

245 2850 397 2967 moad.
408 2850 445 2898 sic
454 2859 481 2899 et
491 2851 595 2899 Graecus
606 2850 772 2917 ἃδιιυτίςινε
822 2848 932 2912 putarint
942 2865 993 2898 nou
1005 2848 1054 2897 uisi
1066 2851 1097 2898 de
1108 2851 1268 2902 extremitate
1280 2868 1347 2900 sum·

344 2950 351 2963 .
823 2914 938 2963 medici.
955 2916 992 2963 Μ.

282 2981 397 3029 Adscitis.
429 2978 471 3027 sie
489 2980 565 3027 codd.
584 2988 634 3028 vet.
657 2994 707 3028 non
725 2982 774 3029 ub·
858 2982 968 3029 Feminis
992 2996 1070 3029 crure
1109 2980 1152 3029 Sic
1181 2981 1255 3031 bene.
1298 2980 1349 3031 Atii

245 3047 336 3093 scissia
359 3043 399 3093 Cl.
410 3042 485 3093 Voss.
494 3046 597 3108 analog.
609 3051 633 3103 8,
644 3049 686 3093 96.
697 3048 771 3108 pti.
815 3044 929 3108 semeis.
939 3050 1020 3093 semis.
1030 3049 1145 3093 umisa.

275 3110 436 3164 ‚matram
468 3108 548 3157 Codd.
567 3110 661 3173 optimi
679 3111 775 3159 babent
858 3112 1353 3179 suque-eumaeuminsiagnta

246 3174 385 3233 ddibrdis,
399 3174 449 3223 te.
463 3172 558 3225 cortice
568 3176 684 3234 undatis3
700 3174 773 3225 etsie
823 3174 958 3225 scrobibus
979 3174 1071 3238 singuli
1093 3178 1180 3238 pedes,
1199 3196 1220 3227 s.
1238 3181 1348 3241 spatium

248 3240 274 3289 in
296 3240 340 3289 Gr.
361 3240 484 3302 metspbr.
507 3238 625 3299 ἅψις.
670 3240 774 3291 Veteres
824 3240 898 3289 unius
915 3240 994 3305 pedis,
1012 3250 1074 3289 terra
1085 3242 1185 3291 calcata
1196 3244 1350 3307 replebatur.

247 3320 300 3355 non
322 3314 374 3353 tam
397 3304 512 3353 dixerimt
533 3306 675 3363 dolabras-e,
696 3320 774 3369 quam
825 3304 892 3368 Ergo
913 3320 963 3353 una
986 3320 1044 3367 pars
1066 3306 1164 3355 scrobis
1185 3316 1250 3357 terra
1274 3310 1350 3371 plena

246 3370 343 3428 dolos,
373 3384 433 3418 cum
459 3371 596 3420 voluerunt
622 3371 775 3433 exprimere,
823 3379 893 3429 erat;
917 3370 1022 3433 reliqua,
1043 3380 1071 3419 ut
1091 3372 1211 3435 sequitur,
1232 3374 1350 3439 virgultis

246 3434 344 3498 aliquid
360 3435 469 3484 dolabrs
483 3444 579 3498 aptare.
612 3435 653 3483 Sic
669 3436 775 3484 Ouden-
824 3436 991 3500 integebstur.
1023 3436 1066 3485 Sic
1088 3436 1267 3488 intellexerunt
1290 3440 1351 3487 Gla-

247 3500 321 3562 dorp.
342 3500 375 3548 de
397 3500 423 3547 b.
435 3501 452 3547 Ι.
471 3500 605 3563 judicavit.
624 3502 664 3551 Μ.
697 3501 731 3549 Et
748 3501 773 3550 in
823 3516 912 3549 manus
933 3502 964 3549 ad
985 3501 1002 3549 b
1023 3502 1040 3551 l.
1060 3502 1103 3564 qui
1122 3502 1231 3553 breviter
1250 3513 1276 3552 et
1295 3520 1350 3567 per-

246 3564 360 3615 editioue
378 3565 518 3629 posteriore
533 3564 625 3614 edidit·
642 3565 716 3614 bene.
734 3582 775 3615 se·
825 3564 914 3629 spicue
935 3566 1062 3630 exposuit,
1084 3566 1144 3614 item
1165 3568 1269 3630 Lipsius
1287 3570 1350 3630 (Po-

247 3646 323 3695 quor,
825 3630 1226 3695 liorc.2,2),etOudendorpius.
1250 3633 1350 3691 Quodsi

282 3695 604 3754 arremarensem
613 3704 774 3758 pertetenus,
824 3710 874 3745 uon
897 3704 964 3745 totus
984 3696 1072 3745 scrobs
1093 3706 1158 3746 tenu
1180 3698 1272 3761 plenus
1295 3700 1351 3761 tuit,

246 3774 297 3825 qua
311 3760 377 3810 rami
387 3760 455 3809 cnuti
466 3770 544 3819 erant,
564 3762 722 3824 tegebantur,
739 3762 774 3811 ab
823 3760 886 3811 falsa
896 3774 935 3809 est
946 3762 1019 3810 codd.
1030 3764 1186 3825 quorundam
1198 3764 1289 3825 lectio,
1300 3770 1352 3813 ris·

247 3826 351 3874 esinde
361 3825 595 3888 parteemiuebont.
615 3826 654 3873 M.
823 3826 935 3891 palme.
947 3826 1058 3889 stipites)
1074 3828 1202 3891 ubinfirso
1214 3830 1351 3893 antepedes

282 3893 314 3939 Se
331 3891 582 3954 ipsi—induebat.
615 3889 657 3939 Sic
671 3900 698 3939 et
714 3904 773 3955 cap.
822 3900 872 3941 tres
891 3890 1034 3949 (altitudine
1056 3892 1130 3940 trium
1149 3894 1260 3961 pedum)
1282 3904 1350 3945 terra

248 3956 464 4004 storacinum
491 3956 573 4005 Graec.
589 3954 669 4005 etiam
686 3956 774 4009 bursis
822 3957 1037 4015 mutcatasrer;
1054 3972 1111 4005 nam
1123 3966 1191 4007 totus
1202 3959 1291 4008 scrobs
1305 3960 1352 4007 luit

247 4016 375 4066 -ὶιίδιη,
688 4070 695 4075 ,
823 4028 873 4069 tres
891 4022 969 4085 pedes
987 4023 1064 4083 sltus3
1087 4024 1131 4071 sed
1148 4038 1200 4073 nou
1216 4034 1287 4073 totus
1303 4025 1350 4073 luit

286 4086 372 4133 Vultis.
394 4084 430 4131 lli
439 4086 501 4135 velli
512 4095 571 4135 sunt
579 4086 629 4148 ipsi
641 4086 678 4135 illi
688 4086 772 4135 trunci
825 4086 914 4149 plenus
931 4094 1003 4134 terra.
1034 4088 1155 4137 Ceterum
1172 4098 1231 4137 sunt
1246 4098 1273 4138 et
1290 4090 1349 4139 alius

246 4151 347 4198 etnmi
359 4149 488 4223 pruenti.
522 4153 773 4215 Decippoetquin·
825 4151 967 4213 varietates,
989 4164 1046 4215 quat
1065 4153 1150 4203 locum
1169 4154 1350 4218 interpolatum

247 4228 330 4263 cunce
340 4216 392 4262 vrd.
402 4215 456 4262 lud.
475 4218 513 4264 M.
825 4232 878 4265 esse
893 4226 1006 4279 arguant.
1039 4218 1078 4265 An
1094 4220 1227 4269 mulcere
1240 4220 1305 4269 alibi
1318 4220 1350 4267 rit

281 4280 423 4334 rums·
437 4306 472 4315 -
481 4281 598 4344 fastigio,
626 4282 775 4331 extremitas
823 4283 944 4331 cubando
961 4283 1068 4344 replere,
1084 4284 1184 4335 dubito.
1216 4282 1350 4336 locusest

246 4344 346 4396 scrobis
363 4345 452 4397 iesus
468 4352 522 4395 erat
535 4346 676 4409 angustor,
695 4362 772 4411 quum
824 4348 926 4399 incerte
936 4348 1061 4399 lecticam
1078 4350 1116 4399 Μ.
