2909 4809
230 306 274 376 36
532 304 595 373 Du
617 304 768 375 tutuo
791 304 1009 373 eunuco·

227 494 442 583 Posteaquam
462 490 495 560 in
509 493 625 585 uolgus
637 494 776 563 militum
797 495 917 562 elatum
931 510 990 569 est,
1006 514 1071 581 qua
1084 489 1272 580 adrogantia
1285 490 1318 555 in

227 580 400 671 conloquio
416 580 596 649 Ariovistus
610 606 685 648 usus
709 583 794 649 omni
811 582 919 647 Gallia
933 580 1083 647 Romanis
1096 578 1321 652 interdixisset,

226 668 437 759 inpetumque
460 668 492 733 in
517 681 641 735 nostros
662 670 730 759 ejus
753 670 876 755 equites
896 668 1040 733 fecissent
1053 688 1155 753 eaque
1177 688 1226 729 res
1246 686 1320 730 con-

229 754 377 843 loquium
404 766 442 820 ut
466 755 654 821 diremisset:
685 754 790 821 multo
814 756 917 843 major
944 754 1090 819 alacritas
1115 750 1323 839 studiumque

229 864 278 933 pu
322 838 394 907 andi
408 840 509 930 majus
522 842 663 907 exercitu
676 842 827 929 injectum
840 854 899 906 est.

297 928 328 991 7.
353 926 458 993 Biduo
473 938 545 1015 post
560 928 742 992 Ariovistus
755 927 796 993 ad
810 928 967 993 Oaesarem
979 926 1101 1015 legatos
1115 926 1227 999 mittit,
1240 922 1323 988 velle

229 1036 263 1079 se
286 1010 517 1089 detinebas,
543 1036 616 1101 quae
638 1014 721 1079 inter
740 1038 794 1080 eoa
818 1014 870 1101 agi
893 1026 1018 1102 coeptae,
1048 1038 1151 1101 neque
1174 1012 1325 1101 perfectae

228 1112 344 1175 essent,
363 1122 458 1187 agere
471 1100 550 1163 'cum
564 1120 620 1164 eo:
651 1102 699 1165 uti
714 1114 772 1166 aut
785 1100 902 1165 iterum
925 1101 1096 1188 conloquio
1111 1100 1195 1164 diem
1209 1094 1325 1163 consti·

228 1186 356 1260 'tueret3
377 1198 447 1277 aut,
468 1184 494 1250 si
513 1185 546 1250 id
564 1187 667 1251 minus
681 1186 790 1263 vellet,
814 1209 854 1251 ex
867 1187 931 1252 suis
944 1187 1073 1275 legantis
1085 1186 1225 1273 aliquem
1237 1184 1278 1249 ad
1291 1206 1325 1247 se

229 1271 385 1338 mitteret.
421 1270 644 1359 Conloquendi
657 1272 775 1339 Caesari
786 1296 895 1339 cauma
906 1274 972 1339 visa
985 1297 1048 1339 non
1059 1286 1107 1338 est
1118 1286 1152 1338 et
1163 1296 1201 1337 eo
1213 1270 1325 1359 magis,

230 1356 319 1447 quod
344 1355 447 1447 pridie
468 1360 537 1447 ejus
548 1356 610 1424 diei
626 1360 778 1426 Germani
792 1360 922 1426 retineri
935 1384 1000 1427 non
1013 1372 1175 1449 poterant,
1198 1359 1277 1446 quin
1291 1357 1325 1421 in

229 1455 356 1511 nostros
379 1444 444 1511 tela
466 1446 666 1533 conjicerent.
712 1446 871 1535 Legatum
894 1450 942 1512 ex'
952 1448 1016 1512 suis
1035 1471 1100 1513 sese
1112 1468 1229 1533 magno
1250 1464 1325 1509 cum

230 1530 376 1619 periculo
397 1530 438 1597 ad
460 1556 535 1597 eum
555 1532 724 1598 missurum
750 1546 784 1599 et
806 1532 985 1600 homiuibus
1011 1534 1085 1599 feris
1107 1533 1323 1621 objecturum,
1348 1572 1357 1583 ,

228 1617 441 1686 existimabat.
487 1617 784 1686 Commodissimum
797 1620 899 1685 visum
913 1634 972 1697 est,
999 1620 1039 1685 C.
1057 1617 1224 1685 Valerium
1245 1617 1324 1681 Pro·

230 1702 353 1781 cilium,
370 1704 409 1771 C.
427 1704 547 1769 Valerii
563 1704 687 1771 Caburi
709 1704 823 1783 filium,
850 1730 972 1772 summa
992 1708 1113 1772 virtute
1135 1718 1168 1769 et
1182 1703 1325 1768 humani·
1379 1764 1384 1772 .

229 1802 299 1855 tate
313 1789 553 1866 adolescentem,
577 1792 681 1880 (cujus
701 1806 795 1883 pater
816 1815 836 1858 a
857 1794 897 1858 C.
916 1793 1046 1859 Valerio
1061 1792 1177 1858 Flacco
1196 1791 1326 1854 civitate

229 1876 368 1943 donatus
392 1880 476 1965 erat)
504 1890 537 1943 et
574 1892 698 1967 ropter
722 1877 816 1944 fidem
840 1893 873 1945 et
896 1893 1031 1969 propter
1052 1879 1171 1966 linguae
1192 1875 1326 1941 Gallica

229 1963 403 2041 scientiam,
425 1988 491 2053 qua
513 1902 615 2030 multa
631 1965 698 2053 jam
713 1965 894 2031 Ariovistus
909 1967 1085 2055 longinqua
1099 1962 1326 2032 consuetudine

228 2050 398 2127 utebatur,
413 2064 447 2117 et
461 2050 550 2139 quod
572 2050 604 2115 in
622 2076 660 2117 eo
725 2052 833 2119 mandi
854 2054 1020 2119 Germanis
1034 2074 1142 2116 caussa
1156 2072 1220 2116 non
1233 2060 1325 2122 esset,

229 2135 360 2203 adeum
374 2138 514 2211 mittere,
537 2149 571 2201 et
588 2136 637 2203 Μ.
696 2138 823 2212 ettium,
849 2140 906 2226 qui
925 2138 1064 2227 hospitio
1080 2136 1235 2202 Ariovisti
1252 2158 1326 2199 usus

230 2234 312 2287 erat.
349 2220 410 2287 His
424 2222 596 2298 mandavit,
612 2234 661 2297 ut,
676 2246 750 2310 quoe
759 2222 879 2289 diceret
895 2224 1087 2298 Ariovistus,
1100 2232 1342 2309 cognoscerent·

230 2320 265 2373 et
278 2308 363 2374 adse
377 2308 542 2373 referrent.
589 2306 679 2384 Quos
693 2331 795 2395 quum
819 2310 908 2397 apud
921 2334 953 2374 se
973 2311 1005 2375 in
1019 2310 1129 2375 castris
1145 2306 1328 2372 Ariovistus

228 2394 453 2483 conspexisset,
467 2393 610 2459 exercitu
624 2416 682 2459 suo
696 2407 862 2483 prasente,
882 2396 1105 2463 conclamavit:
1139 2393 1226 2469 Quid
1240 2391 1281 2458 ad
1293 2416 1328 2457 se

231 2480 398 2545 venirent?
435 2481 487 2545 An
501 2479 684 2568 speculandi
699 2487 827 2547 mussa?
871 2483 1025 2551 Conantis
1038 2482 1144 2548 dicere
1159 2479 1326 2568 prohibuit

231 2579 267 2631 et
280 2566 313 2631 in
328 2578 453 2631 catenas
466 2566 611 2655 conjecit.

274 2653 329 2717 48.
352 2652 474 2719 Eodem
496 2653 547 2720 die
566 2666 670 2721 castra
693 2652 857 2744 promovit
876 2665 910 2718 et
932 2653 1060 2719 milibus
1075 2662 1226 2755 passuum
1239 2674 1327 2717 sexa

200 2779 204 2795 ·
230 2736 365 2804 Caesaris
375 2738 484 2805 castris
498 2740 559 2805 sub
570 2754 678 2807 monte
689 2742 840 2808 consedit.
886 2738 1042 2807 Postridie
1055 2764 1123 2827 equs
1134 2740 1196 2805 diei
1208 2753 1327 2827 praeter

230 2838 336 2891 castra
362 2824 494 2891 Cereris
523 2850 593 2891 suas
620 2828 727 2916 copias
756 2826 936 2895 transduxit
962 2840 996 2892 et
1022 2828 1151 2892 milibus
1177 2846 1327 2914 pamuum

231 2910 359 2979 duobus
374 2912 461 2977 ultra
475 2935 547 2978 eum
564 2926 666 2979 castra
680 2914 766 2990 fecit,
781 2938 819 2979 eo
834 2914 980 2989 concilio,
1002 2915 1050 2979 uti
1065 2913 1228 2978 frumento
1243 2934 1327 2975 com·

230 3008 416 3085 meatuque,
432 2998 487 3086 qui
501 3022 541 3063 ex
556 2998 710 3087 Sequanis
724 3012 758 3065 et
771 3000 883 3065 AEduis
896 3000 1157 3088 subportaretur‚
1171 2998 1328 3063 Caesarem

229 3082 469 3153 intercluderet.
512 3084 565 3151 Ex
589 3110 626 3151 eo
651 3086 702 3151 die
722 3086 788 3151 dies
803 3087 969 3153 continuos
983 3086 1128 3174 quinque
1143 3084 1250 3149 Casas
1264 3107 1326 3171 pro

233 3172 345 3239 castris
363 3194 434 3237 suas
459 3170 566 3260 copias
587 3172 742 3261 produxit
764 3185 797 3239 et
811 3174 911 3238 aciem
925 3174 1114 3238 instructam
1134 3170 1260 3245 habuit,
1276 3181 1327 3246 ut,

268 3336 371 3387 Etutam
382 3342 424 3387 act.
440 3336 505 3387 hene
520 3333 558 3384 aio
568 3336 643 3386 codd.
658 3346 684 3387 et
700 3338 760 3386 edd.
806 3338 843 3387 ibi
855 3336 945 3388 habuit
955 3349 1098 3400 prenomen
1111 3340 1174 3397 Coti,
1184 3352 1235 3387 non
1245 3348 1329 3399 potest

231 3408 284 3451 vet.
308 3399 758 3460 fficeuacituaalmtiintatun.
804 3403 848 3453 hic
867 3418 1008 3466 cognomen
1029 3404 1113 3453 Maeui
1132 3402 1233 3461 hebere,
1252 3411 1281 3450 ut
1302 3400 1329 3450 iu

232 3466 349 3517 m.
805 3469 929 3531 memphi·
939 3468 982 3518 Gr.
998 3478 1023 3517 et
1037 3469 1096 3516 edd:
1104 3466 1253 3531 quibusdam
1265 3464 1329 3527 legi-

274 3532 304 3580 Ut
322 3530 460 3580 dnum.
492 3532 521 3578 'ri
539 3540 567 3582 ut
586 3546 618 3580 ex
634 3533 691 3581 edd.
708 3540 760 3581 vet.
804 3542 857 3581 tur:
880 3548 962 3595 neque
979 3530 1093 3581 diversos
1110 3531 1226 3581 leomines
1240 3530 1329 3589 luisse,

230 3592 429 3645 statutionis.
451 3593 568 3645 Clarkius
578 3597 691 3659 putabat,
701 3606 760 3645 ante
805 3614 843 3647 res
855 3596 912 3659 ipsa
921 3598 1039 3652 declarat,
1054 3596 1102 3645 etsi
1114 3612 1188 3645 secem
1197 3595 1281 3644 visum
1290 3602 1329 3644 eet

128 3671 132 3679 “
227 3652 502 3738 somnumquendum.
529 3660 759 3710 Oud.exolortum
806 3661 956 3720 (tiacconio,
977 3661 1013 3711 ita
1033 3672 1124 3719 umen,
1140 3670 1168 3709 ut
1189 3660 1328 3710 fluctuaret.

233 3733 263 3775 ut
288 3732 403 3790 conjuctt.
445 3722 534 3775 Celsus
559 3724 657 3791 quippe
684 3725 760 3775 habet
806 3727 957 3775 Mortuerum
965 3725 1263 3788 Davin.et0udeudorp.
1274 3727 1314 3773 Μ.

230 3790 327 3855 e'apet«.
840 3792 997 3866 Lanuinqua.
1006 3793 1064 3840 edd.
1075 3789 1183 3839 Medici.
1195 3790 1260 3838 Ven.
1270 3790 1329 3840 alite

272 3854 392 3918 Injeetum
408 3862 451 3903 ert.
483 3852 551 3911 Quia
573 3852 704 3903 ineGraeco
723 3863 761 3903 cst
804 3856 887 3919 lorsqu.
919 3852 1039 3904 Cmccon.
1059 3855 1165 3918 conjicit
1179 3856 1328 3917 longajom.

228 3916 306 3978 bion,
322 3916 410 3967 wana
424 3918 456 3967 ad
468 3917 570 3967 Sallust.
586 3934 613 3981 p.
626 3920 682 3967 898.
698 3934 761 3968 οοιι-
803 3920 964 3983 neququam
978 3926 1053 3969 ottone
1068 3919 1132 3968 dicit
1148 3920 1252 3968 Plautus
1270 3916 1330 3966 Mil.

233 3980 293 4047 Jicit
304 3980 426 4045 seriptum
435 3982 513 4032 luisse
521 3986 687 4034 mauman.
806 3986 831 4043 8,
846 3988 866 4039 1,
882 3988 936 4033 136.
950 3986 1195 4049 ὼὼηεὶυηρίιιᾳυοε
1202 3982 1261 4031 Cic.
1272 3982 1329 4031 Fin.

272 4046 379 4111 Leoote.
410 4046 516 4097 Dubitat
535 4046 663 4107 Misius,
678 4056 761 4098 utrum
804 4052 883 4108 mli.
928 4106 931 4113 ¹

236 4108 289 4161 hoe
311 4108 417 4161 verbam
443 4120 569 4174 praeeunte
594 4113 762 4175 metaphraste
840 4116 1012 4164 Cmdomott.
1039 4116 1160 4163 ltacodd.
1187 4112 1331 4175 Sedsulg'g.

237 4176 327 4227 creso
348 4174 524 4236 omittendum,
546 4192 578 4225 au
607 4177 632 4227 iu
651 4180 762 4243 leonton
805 4180 927 4238 damona,
942 4178 1014 4241 quasi
1031 4194 1082 4228 non
1100 4189 1186 4243 posset
1201 4176 1330 4227 uuuadici

235 4238 436 4293 mutandumsit.
454 4242 492 4289 M.
676 4258 684 4277 ι
803 4246 965 4293 unam.
981 4246 1019 4292 al.
1051 4244 1091 4294 Cf.
1107 4245 1208 4295 Servius
1222 4243 1255 4291 od
1272 4242 1331 4291 ΕΔ.

271 4306 396 4356 pm·
467 4313 619 4371 'm'
637 4308 675 4357 Μ·
807 4313 833 4365 3)
843 4310 901 4357 ⁵2³·
913 4309 947 4357 vr
956 4317 982 4360 et
997 4310 1052 4362 ΕΠ·
1062 4313 1087 4370 θ’
1099 4314 1156 4361 m·
1176 4306 1254 4359 ovid·
1266 4306 1331 4357 uel·

188 4433 193 4443 ι
273 4372 305 4423 c·
320 4370 401 4425 Vm·
426 4368 502 4422 cle·
511 4371 550 4421 191
560 4380 586 4422 οι
597 4375 638 4423 ⁵⁸·
664 4370 690 4422 si
702 4388 761 4438 ergo
807 4376 832 4434 ⁴,
849 4376 906 4425 em!
