2909 4809
248 165 314 302 nto
591 226 655 298 nn
677 219 828 297 BELLO
851 217 1007 298 ClVlLl.
1094 213 1104 280 ·'

251 415 386 496 casaris
399 427 623 506 exspectatur:
645 417 771 484 nullum
784 441 824 484 ex
836 439 943 492 muro,
958 414 1083 482 nullum
1095 435 1115 478 a
1129 410 1245 478 nostris
1267 411 1340 478 mit·

251 505 335 571 titur
361 503 482 580 telum
505 516 543 568 ut
570 527 605 570 re
628 505 788 582 confecta,
815 527 922 570 omnes
949 525 1067 576 curam¹
1081 513 1115 566 et
1138 499 1339 588 diligentiam

251 591 433 658 remittunt.
477 590 585 656 Caesar
612 592 697 656 enim
723 615 784 680 per
807 591 931 656 litteras
956 587 1121 654 Trebonio
1143 609 1340 675 magnopere

251 677 469 753 mandaverat,
483 700 522 742 ne
532 700 597 779 per
622 678 688 743 uim
711 677 871 768 oppidum
894 675 1071 766 expugnari
1092 685 1275 765 pateretur;
1300 696 1340 738 ne

250 763 381 852 gravius
400 776 542 865 permoti
565 763 683 830 milites
708 781 744 830 ct
763 763 950 830 defectionis
973 762 1045 829 odio
1068 775 1101 825 et
1124 759 1339 827 contemtione

224 900 227 905 .
250 849 301 914 sui
319 861 353 916 et
375 849 501 917 diutino
522 850 633 917 labore
652 872 760 916 omues
782 851 919 940 puberes
938 848 1172 914 interficerent:
1197 846 1284 932 quod
1305 867 1339 910 se

250 935 393 1003 facturos
407 937 629 1012 minabantur;
652 960 801 1025 aegreque
822 950 899 1002 tunc
912 948 985 1002 mut
1000 935 1128 1010 retenti,
1151 933 1230 1022 quin
1244 934 1339 1023 oppi-

249 1021 327 1088 dum
362 1021 468 1089 inrum
512 1035 597 1097 rent,
632 1024 841 1112 graviterque
875 1045 945 1088 eam
971 1023 1048 1087 rem
1069 1021 1229 1095 tulerunt,
1250 1019 1339 1107 quod

249 1110 374 1261 {tnetisse
398 1133 455 1198 per
505 1109 683 1187 rebonium,
699 1110 883 1198 quominus
901 1107 1022 1202 oppido
1037 1109 1234 1197 potirentur,
1250 1107 1339 1173 vide-

294 1208 360 1261 tur.
1333 1219 1336 1224 ¹

298 1283 347 1346 14.
371 1282 418 1346 At
429 1280 533 1347 hostes
546 1283 613 1352 sine
628 1281 691 1348 fide
706 1294 833 1372 tempus
843 1293 941 1370 atque
954 1282 1149 1348 occasionem
1165 1279 1289 1346 fraudis
1301 1303 1338 1346 ac

248 1365 317 1434 doli
331 1381 495 1459 quaerunt:
519 1369 761 1458 interjectisque
776 1370 901 1458 aliquot
914 1368 1037 1443 diebus,
1057 1369 1171 1437 nostris
1185 1367 1339 1455 languen-

249 1454 338 1520 tibus
350 1469 449 1544 atque
462 1456 568 1520 animo
581 1455 727 1532 remissis,
741 1457 859 1532 subito,
878 1454 1053 1532 meridiano
1066 1468 1224 1558 tempore,
1238 1476 1339 1541 quum

242 1540 331 1606 'alius
350 1539 550 1620 discessisset,
576 1543 657 1608 alius
682 1567 723 1608 er
748 1541 873 1608 diutino
893 1541 1003 1608 labore
1028 1542 1060 1606 in
1089 1542 1165 1630 ipsrs
1187 1540 1340 1630 operibus

168 1667 172 1676 ·
247 1627 353 1716 quieti
379 1653 412 1694 se
439 1627 587 1705 dedisset,
614 1652 703 1696 arma
730 1651 806 1694 vero
831 1629 935 1694 omnia
962 1625 1103 1716 reposita
1126 1640 1341 1713 contectaque

247 1727 363 1792 essem,
391 1715 493 1805 portis
512 1741 546 1781 se
567 1716 652 1782 foras
671 1739 763 1782 erum
789 1728 859 1791 unt,
882 1713 1022 1780 secundo
1043 1734 1222 1802 magnoque
1242 1729 1339 1779 vento

248 1799 355 1888 ignem
371 1801 524 1892 operibus
539 1803 692 1869 inferunt.
775 1823 836 1868 unc
857 1802 902 1867 sic
925 1799 1051 1867 distulit
1062 1816 1188 1876 ventus,
1210 1802 1259 1866 uti
1274 1823 1339 1866 uno

145 1910 149 1923 ·
248 1899 396 1976 tempore
420 1911 534 1978 agger,
554 1889 675 1992 plutei,
700 1887 838 1964 testudo,
863 1887 974 1968 turris,
996 1900 1155 1954 tormento
1181 1887 1340 1954 flammans

246 1977 453 2064 conciperent
465 1989 500 2039 et
536 2000 601 2043 rsus
612 1975 679 2042 baec
692 1976 798 2042 omnia
811 1988 1094 2049 consumerentur,
1128 1997 1212 2050 uam,
1228 1997 1338 2062 quem-

247 2059 423 2128 admodum
437 2001 612 2138 accidisset,
627 2063 769 2128 animum
783 2062 910 2128 adverti
924 2072 1040 2150 posset.
1121 2061 1212 2137 ostri,
1224 2081 1338 2164 repen-

246 2147 316 2212 tina
328 2149 460 2214 fortuna
474 2151 626 2236 permoti,
641 2172 741 2225 arma,
756 2172 828 2237 quae
843 2161 986 2236 possunt,
1013 2147 1198 2236 adripiunt:
1221 2148 1277 2214 alis
1298 2173 1339 2216 ex

187 2292 193 2305 ,
245 2233 359 2298 castris
381 2259 446 2299 sese
465 2234 617 2309 incitant;
648 2235 686 2301 fit
699 2235 732 2300 in
746 2235 844 2300 hostis
864 2235 1007 2323 inpetum
1029 2235 1084 2300 sed
1105 2258 1199 2301 muro
1212 2235 1339 2323 sagittis

244 2321 479 2408 tormentisque
494 2321 655 2422 fugientes
667 2321 814 2410 persequi
827 2320 1049 2410 prohibentur.
1072 2321 1124 2386 Illi
1136 2321 1197 2388 sub
1209 2345 1338 2388 murum

245 2427 280 2468 se
302 2405 464 2495 recipiunt
494 2407 602 2494 ibique
628 2409 805 2474 musculum
830 2407 944 2473 turrim
970 2432 1010 2473 ue
1038 2407 1209 2474 lateritiam
1235 2409 1339 2478 libere

245 2489 430 2558 incendunt.
468 2492 521 2558 lta
542 2494 718 2560 multorum
744 2495 897 2560 mensium
924 2431 1015 2560 labor
1037 2493 1175 2560 bostium
1190 2495 1338 2584 perfidia,

244 2582 281 2642 e't
307 2579 340 2644 vi
365 2593 431 2646 tem
474 2579 576 2656 statis,
604 2593 726 2671 puncto
752 2595 816 2646 tem
862 2582 905 2648 ris
934 2579 1068 2646 interiit.
1113 2581 1338 2650 Tentaverunt

244 2661 306 2731 lroc
321 2664 405 2731 idem
459 2666 632 2735 assilienses
652 2681 781 2757 postero
824 2689 869 2734 se:
892 2668 1144 2734 eamdem'uacti
1165 2679 1336 2758 tempesta·

242 2761 323 2827 tenu
349 2753 463 2842 majori
492 2777 566 2820 curu
594 2753 709 2820 fiducia
734 2755 776 2822 ad
805 2755 942 2821 alterum
971 2769 1093 2820 turrem
1119 2779 1336 2844 aggeremque

241 2839 413 2926 eruptione
428 2853 656 2929 pugnaverunt
676 2842 880 2928 multumque
899 2841 1006 2930 ignem
1020 2840 1211 2908 intulerunt.
1258 2843 1335 2920 Sed,

243 2934 285 2988 ut
291 2925 466 3014 superioris
477 2927 630 3015 temporis
641 2929 877 2994 contentionem
889 2929 989 2993 nostri
1001 2951 1126 2993 omnem
1138 2929 1337 3006 remiserant,

241 3007 302 3085 ita,
318 3011 456 3098 proximi
468 3011 532 3077 diei
544 3036 619 3078 casu
630 3013 797 3090 admoniti,
807 3015 910 3081 omnia
918 3013 959 3079 ad
976 3013 1189 3080 defensionem
1202 3037 1336 3103 parave-

243 3109 330 3162 rant.
374 3097 502 3186 ltaque,
517 3099 626 3166 multis
637 3101 826 3180 interfectis,
853 3101 993 3190 reliquos
1005 3099 1123 3169 infecto
1143 3102 1224 3168 rein
1239 3103 1335 3194 oppi-

243 3181 325 3249 du'm
338 3207 374 3250 re
399 3185 540 3251 ulerunt.
1056 3187 1059 3194 '

277 3269 341 3372 015.
395 3271 546 3339 rebonius
559 3297 609 3350 ea,
638 3299 710 3363 quae
726 3286 802 3342 sunt
815 3275 938 3354 amissa,
953 3274 1057 3342 multo
1079 3275 1200 3366 majore
1225 3275 1334 3344 studio

242 3355 383 3424 melitum
397 3358 619 3431 administrare
638 3375 672 3427 et
692 3361 823 3428 reficere
844 3361 996 3428 instituit.
1042 3363 1139 3441 Nam,
1154 3363 1211 3430 ubi
1227 3378 1334 3431 tantos

242 3465 317 3511 suos
330 3443 456 3513 labores
469 3458 503 3512 et
512 3447 689 3538 adparatus
702 3449 785 3518 male
796 3448 943 3540 cecidisse
956 3449 1121 3526 viderunt,
1134 3451 1334 3542 induciisque

277 3617 357 3668 Ama
374 3624 490 3670 malma.
506 3619 559 3669 vid.
580 3621 613 3670 ad
631 3621 661 3670 B.
684 3621 716 3672 G.
739 3625 764 3684 2,
848 3625 923 3674 Maro
933 3626 1208 3690 sapntnprolabmeur,
1224 3625 1334 3693 sagittis,

243 3681 285 3730 at.
304 3683 342 3730 Μ.
814 3701 911 3738 ensuro
923 3689 1015 3738 missis.
1034 3691 1070 3739 M.

265 3746 310 3794 'Se
322 3747 394 3810 sorar
411 3755 555 3814 ΝΜ.
589 3749 631 3800 Sic
651 3759 676 3800 ct
694 3749 764 3816 Virg.
845 3754 946 3817 Majorr'.
962 3747 1014 3802 Alii
1025 3759 1173 3821 majorique.

241 3809 274 3858 0.
293 3812 318 3868 4,
335 3813 392 3861 868.
423 3811 463 3862 Cf.
485 3824 511 3862 et
534 3813 634 3880 Berger.
657 3817 689 3864 de
710 3823 763 3865 nat.
847 3819 988 3882 Superioris
1013 3824 1126 3885 temporie
1152 3825 1330 3874 matiam

242 3874 327 3984 pulcr.
346 3884 410 3926 orat.
427 3893 453 3941 p.
477 3882 534 3928 408.
549 3887 575 3928 et
587 3881 715 3931 Drakenb.
730 3883 764 3931 ad
812 3881 954 3946 (antiquam
973 3883 1162 3944 fortitudinem)
1182 3891 1331 3938 rensisermst

261 3953 270 3986 s

271 3935 335 4013 lium
349 3943 455 4000 12⁴3&
513 4002 516 4008 Ι
826 3961 870 4012 per
888 3947 986 4012 aliquot
1007 3947 1081 4011 dies).
1112 3952 1151 4000 M.
1193 3951 1283 4004 Ciacc.
1303 3962 1330 4002 et

280 4003 414 4054 Tormenta
436 4006 576 4072 flammam
601 4014 762 4076 rumperem.
853 4011 929 4062 visiun
947 4014 1050 4063 mallent
1070 4017 1195 4080 superiore·
1212 4025 1329 4084 uapore.

242 4065 329 4130 Vulgo
339 4075 516 4138 mutaque.
548 4074 611 4127 Edd.
627 4084 680 4126 vet.
697 4079 763 4126 aad·
810 4091 947 4142 nonopus.
972 4078 1014 4128 Sic
1031 4083 1108 4130 cto.
1126 4081 1329 4147 ndmpsrsorem

237 4139 334 4200 preat.
810 4157 879 4220 spem
895 4143 987 4198 mana
999 4147 1131 4213 mereunt
1147 4152 1264 4215 temporis
1278 4153 1330 4218 opt·
