2909 4809
124 140 153 198 ’·
234 175 302 272 ooo
567 171 633 246 oe
654 171 807 244 arcto
830 171 989 244 crvrtr.

235 359 401 441 Afranius,
424 383 526 454 qnam
538 361 583 434 ab
602 365 752 454 equitatu
778 365 982 434 novissimum
997 383 1112 456 agmen
1125 372 1334 455 parceretur

233 461 358 518 etanta
370 475 402 517 se
417 451 692 540 hostemvideret,
707 452 822 522 collem
845 453 1016 542 quemdam
1033 464 1166 544 nactus,
1188 451 1232 532 ibi
1253 471 1332 518 con·

234 538 331 604 stitit.
359 539 425 626 ¹Eu
439 562 478 606 eo
493 539 564 606 loco
576 553 717 628 quotuor
732 553 931 608 cetratorum
950 537 1091 608 cohortis
1114 539 1148 606 in
1172 550 1332 614 montem,

235 623 379 714 quierat
400 626 434 692 in
452 641 625 715 conspectu
640 627 782 694 omniurn
804 626 1043 704 excelsissimus,
1067 626 1181 692 mittit.
1228 623 1334 690 Hunc

235 733 353 865 w
366 736 462 780 cursu
474 715 651 780 concitatos
661 714 759 803 jubet
782 737 952 804 occupare,
978 737 1017 780 eo
1037 712 1179 789 consilio,
1194 710 1243 778 nti
1258 710 1331 801 ipsa

298 823 350 866 em
368 799 517 868 omnibus
530 801 632 901 copiis
653 802 863 869 contenderet
884 814 930 878 et,
954 813 1082 868 mutato
1096 799 1222 876 itinere,
1241 797 1332 886 jugis

236 885 433 974 Octogcsam
449 900 645 974 pervemret.
691 887 790 954 Hunc
828 910 905 954 uum
926 887 1059 975 obliquo
1080 886 1193 952 itincre
1212 885 1332 952 cetrati

235 983 398 1124 {terent
413 973 614 1073 conspicatus
627 973 791 1062 equitatus
804 912 951 1052 bestris,
974 975 1006 1040 in
1025 972 1165 1040 cohortis
1180 971 1330 1072 inpetunt

272 1058 336 1124 cit:
368 1083 428 1126 nec
449 1059 610 1150 rornirnarn
635 1075 762 1150 partem
791 1074 856 1128 tem
901 1061 945 1127 ris
969 1061 1117 1146 equitum
1131 1059 1198 1126 vim
1211 1071 1331 1124 cetrat1

237 1143 393 1212 emtinere
422 1159 616 1246 potnerunt,
643 1170 814 1236 omnesque
840 1172 860 1214 a
909 1149 954 1214 eis
973 1145 1185 1218 ⁴circumventi
1207 1143 1240 1211 in
1254 1165 1332 1212 con-

237 1243 352 1321 spectu
365 1244 536 1320 utriusque
550 1233 709 1300 exercitus
722 1233 970 1301 interficiuntur.

281 1317 336 1382 71.
360 1317 442 1386 Erat
460 1318 583 1387 occasio
596 1321 677 1387 bene
690 1321 837 1410 gerendae
851 1321 908 1388 rei.
956 1322 1070 1408 Neque
1083 1342 1161 1386 vero
1176 1318 1210 1386 id
1226 1319 1334 1384 Oma-

239 1426 307 1473 rem
319 1403 478 1494 fugiebat,
493 1417 584 1472 tanto
597 1409 659 1475 sub
674 1408 776 1477 oculis
797 1421 931 1496 accepto
954 1407 1161 1482 detrimento,
1176 1404 1333 1496 perterri-

239 1501 310 1556 tum
324 1492 500 1560 exercitum
521 1494 676 1560 sustinere
699 1517 763 1561 non
783 1517 886 1583 posse,
903 1494 1080 1585 praesertim
1095 1492 1334 1570 circumdatum

239 1577 383 1669 urrdiqne
400 1581 560 1667 equitata,
585 1605 685 1669 quum
708 1582 741 1646 in
757 1581 828 1647 loco
842 1605 868 1647 ae
893 1605 936 1647 uo
960 1593 1058 1670 atque
1083 1604 1103 1646 a
1144 1593 1198 1646 rto
1222 1577 1334 1647 confli-

281 1679 392 1732 rctnr:
424 1666 523 1756 idque
552 1691 593 1733 ex
620 1667 770 1735 omnibus
798 1681 881 1756 parti
908 1692 945 1733 ue
970 1665 1014 1734 eb
1038 1691 1078 1734 eo
1128 1665 1333 1768 agitabatur.

270 1754 487 1820 oncurrcbant
502 1753 631 1842 Legati,
644 1754 868 1830 Centuriones,
877 1751 1080 1842 Tribuniqne
1090 1753 1238 1829 militum,
1254 1764 1279 1794 ‘⁸
1292 1775 1336 1819 na

239 1840 448 1909 “dubitaret
479 1843 631 1928 proelium
665 1842 891 1918 committere;
928 1841 1069 1907 omnium
1097 1865 1164 1906 esse
1193 1839 1336 1908 militum

240 1925 498 2016 “paratissimos
522 1927 665 1994 animos:
700 1929 892 1994 Afranianos
911 1941 1028 1994 'contra
1047 1927 1160 1994 multis
1173 1928 1270 1994 rebus
1284 1927 1335 1994 sui

242 2023 265 2052 “
282 2013 407 2080 timoris
420 2013 512 2100 signa
527 2014 656 2090 misisse,
671 2013 761 2103 quod
776 2015 839 2079 suis
855 2037 916 2080 non
933 2014 1162 2090 subvenissent,
1179 2014 1268 2103 quod
1290 2013 1335 2080 de

196 2099 199 2112 '
241 2109 265 2140 ‘⁴
281 2100 364 2170 colle
377 2123 442 2166 non
459 2099 665 2177 decederent,
687 2101 775 2188 quod
790 2100 844 2166 vix
865 2101 1012 2190 equiturn
1032 2101 1178 2168 incursus
1197 2101 1335 2170 sustine·

241 2197 266 2228 “
282 2199 368 2277 rent,
390 2184 587 2275 conlatisque
608 2186 757 2253 inunum
780 2187 887 2254 locum
916 2187 1027 2278 signis,
1052 2187 1201 2265 conferti,
1291 2211 1334 2255 ne

242 2283 267 2313 “
283 2271 422 2347 ordines,
437 2293 541 2360 neque
558 2273 650 2375 signa
663 2286 838 2340 servarent.
884 2275 980 2351 Quod
1001 2273 1267 2361 siiniquitatem,
1283 2275 1335 2344 oci

241 2369 266 2401 ‘⁴
282 2359 424 2435 timeret,
438 2358 552 2435 datum
564 2383 603 2425 1r1
620 2371 724 2428 minen
740 2361 850 2448 aliquo
864 2361 937 2428 loco
944 2359 1117 2514 ¹pugnandi
1133 2361 1334 2440 facultatem,

241 2456 264 2489 “
280 2446 369 2534 quod
384 2459 471 2512 certe
482 2444 557 2511 inde
571 2445 792 2514 decedendum
807 2461 888 2514 esset
911 2450 941 2514 A

240 2544 264 2577 ⁴⁶
304 2555 467 2600 ‘rmanere
483 2536 621 2635 posset.’‘

281 2557 337 2685 ii.
360 2621 469 2687 Goesar
491 2643 524 2687 rn
546 2643 616 2687 earn
642 2644 734 2711 spem
757 2631 901 2696 venerat,
924 2645 956 2687 se
981 2621 1048 2686 sine
1075 2643 1120 2710 pu
1143 2642 1186 2686 ne
1211 2631 1245 2686 et
1269 2619 1336 2690 sinc

238 2708 374 2775 vulnere
398 2710 528 2774 suorum
554 2733 622 2774 rem
638 2705 800 2783 ,conficere
826 2731 929 2796 posse,
954 2707 1042 2796 quod
1064 2730 1100 2772 re
1155 2708 1339 2776 nrncntaria

238 2793 438 2861 adversarios
462 2795 706 2862 interclusisset:
737 2806 759 2836 ‘⁶
775 2818 834 2860 cur
858 2793 956 2860 etiam
978 2792 1119 2860 secundo
1141 2793 1259 2883 proelio
1278 2795 1338 2862 ali·

240 2890 263 2921 “
279 2904 360 2969 quos
373 2904 414 2946 ex
428 2879 492 2946 suis
506 2880 690 2948 amitteret?
719 2905 778 2947 cur
794 2880 957 2946 vulnerari
972 2892 1142 2968 pateretur
1156 2879 1280 2981 optime
1294 2883 1338 2950 de

239 2979 264 3008 ‘⁸
278 2991 311 3034 ae
324 2967 454 3033 meritos
473 2964 610 3032 milites?
638 2991 697 3034 cur
719 2965 858 3055 denique
881 2966 1044 3042 fortunam
1070 2967 1339 3056 perichtaretnrt

167 3107 173 3118 .
238 3065 262 3096 ‘⁴
279 3053 454 3143 presertim
470 3076 570 3140 quum
584 3076 646 3118 non
657 3053 762 3120 minus
775 3067 856 3119 essct
868 3051 1086 3142 Imperatoris,
1099 3053 1231 3120 consilio
1242 3077 1338 3144 supe-

237 3151 261 3184 “
277 3163 361 3217 rare,
376 3163 474 3228 quam
494 3139 613 3228 gladio.
648 3141 847 3208 Movcbatur
862 3141 959 3206 etiam
973 3139 1189 3206 misericordia
1202 3141 1337 3222 civium,

239 3241 263 3272 ‘⁶
276 3251 357 3316 quos
363 3219 598 3294 interficiendos
603 3227 750 3294 ridebat:
765 3228 883 3316 quibus
896 3226 992 3293 salvis
1000 3239 1099 3315 atque
1111 3223 1339 3306 incolumibus,

229 3328 263 3370 v“
280 3338 347 3382 rem
362 3315 509 3381 obtinere
523 3314 697 3381 malebat.”
727 3313 801 3380 Hoc
814 3313 980 3380 consilium
992 3313 1126 3383 Caeaaria
1141 3313 1338 3402 eplcrisque

238 3424 303 3470 non
322 3401 541 3490 probabatur;
557 3399 688 3468 ¹milites
711 3425 790 3467 vero
805 3401 922 3502 Jrelarn
946 3404 1031 3467 inter
1052 3425 1084 3466 se
1105 3399 1339 3500 loquebantur,

239 3501 263 3569 ‘t
279 3488 431 3580 quoniam
453 3487 528 3554 talia
552 3488 676 3555 occaa'io
697 3491 842 3556 victoriae
863 3487 1093 3568 dimitteretur,
1114 3499 1214 3553 etiam
1236 3509 1338 3576 qnnrn

273 3715 357 3778 lacit,
367 3729 413 3779 per
419 3715 488 3780 juga.
502 3713 657 3765 Hoomom.
847 3713 939 3776 Aliquo
951 3713 1012 3762 icto.
1021 3708 1067 3762 alii
1079 3713 1131 3760 alio
1143 3713 1206 3762 loco.

276 3781 580 3846 quue-floqdabotrtr.
606 3779 699 3828 Desunt
708 3775 764 3827 hacc
848 3778 1022 3840 cmmtsosop.
1055 3775 1183 3826 cecat.

241 3841 476 3908 incdd.vet.quod
488 3842 729 3908 probatBentleius.
847 3843 1039 3904 Intarficieados.
1072 3841 1111 3890 De
1128 3841 1178 3892 hoc
1197 3859 1242 3892 usu
1260 3843 1338 3896 bn'a

276 3909 435 3973 contortaque
445 3913 533 3972 storria.
555 3909 623 3957 Oud.
634 3908 660 3957 in
670 3910 711 3957 cd.
723 3923 761 3956 ra·
813 3905 942 3971 participii
954 3921 980 3955 v.
995 3905 1113 3958 Periton.
1122 3907 1154 3957 ad
1166 3909 1263 3960 Sanctii
1303 3909 1335 3962 iu.

241 3974 589 4040 cent.conlocotr‘eqac,ioraan
596 3988 680 4021 errore
688 3980 760 4048 typo-
781 3984 783 3992 ’
816 3976 837 4031 1,
852 3973 889 4018 15.
902 3987 926 4033 p.
939 3973 993 4020 145.

241 4037 327 4088 tnnc.
367 4038 475 4089 Bentlei.
495 4040 561 4098 bene
584 4045 678 4099 monet,
711 4045 762 4086 rata
844 4037 1008 4102 Aptert'tquc.
1042 4034 1095 4088 Alii
1110 4039 1246 4106 pleri-totta,
1260 4037 1337 4094 dandi

181 4123 192 4138 ¹
240 4102 524 4157 minoscohsererecom
533 4104 761 4169 seqmqaen‘qnn
809 4111 882 4152 casn.

957 2448 1059 2524 ranio,
1081 2469 1139 2514 nec
1160 2447 1225 2516 sine
1247 2472 1337 2539 aqna
1439 2539 1440 2544 ἵ
