2909 4809
448 314 534 386 ula.
559 318 603 385 u.
651 320 751 387 oar.
781 308 922 387 12-154
1184 304 1227 396 <a

127 504 278 569 exercitu
286 503 414 569 circiter
423 505 509 571 milia
519 530 666 594 passuum
676 508 820 596 quinque
829 508 963 583 abesset,
973 530 1079 573 omnes
1090 510 1225 599 majores

129 604 223 665 natu,
247 614 288 655 ex
301 590 421 679 oppido
436 594 565 681 egressi,
582 608 700 659 'manus
717 594 758 658 ad
775 595 933 659 Caesarem
947 595 1080 660 tendere
1095 608 1129 661 et
1145 620 1224 662 voce
1243 591 1249 599 ’

128 676 311 765 significare
324 692 503 766 coeperunt,
522 704 587 765 sess
603 682 634 744 in
649 682 716 767 ejus
730 680 827 745 fidem
840 704 878 745 ac
892 694 1082 769 potestatem
1100 685 1224 761 venire,

129 784 237 851 neque
260 774 372 829 contra
394 765 555 853 Populum
571 765 753 847 Romanum
765 767 860 832 armis
878 767 1081 847 contendere.
1127 769 1223 847 Item,

129 870 234 937 quum
257 850 300 915 ad
323 849 480 939 oppidum
503 852 679 917 accessisset
699 866 867 940 castraque
891 854 936 918 ibi
960 867 1105 943 poneret,
1129 860 1225 944 pueri

130 936 348 1038 mulieresque
363 961 403 1003 ex
415 962 508 1007 muro
524 940 618 1027 passis
638 939 856 1006 manibus'suo
869 962 957 1005 more
971 964 1082 1029 pacem
1095 942 1139 1009 ab
1154 942 1219 1008 Ro·

129 1044 230 1089 murs
288 1025 420 1089 tiernnt.
916 1072 918 1076 -

179 1110 239 1174 14..
285 1133 321 1175 ro
347 1110 394 1175 his
421 1112 600 1180 Divitiacus
626 1115 712 1199 (nam
738 1125 810 1202 post
837 1113 1007 1180 discessum
1034 1114 1223 1203 Belgarum,

129 1194 265 1261 dimissis
287 1195 471 1264 AEduorum
494 1200 602 1289 copiis,
624 1200 666 1265 ad
690 1224 765 1265 eum
786 1204 979 1287 reverterat)
1002 1201 1079 1265 facit
1097 1203 1219 1268 verba:

133 1283 363 1349 “Bellovacos
395 1286 480 1349 omni
512 1300 657 1387 ternpore
689 1288 721 1351 in
753 1285 816 1349 fide
848 1299 948 1375 atque
982 1287 1120 1352 amicitia
1148 1291 1226 1355 ciri·

131 1372 247 1436 “tatis
285 1370 400 1437 AEduae
432 1372 545 1437 fuisse:
589 1372 730 1461 inpulsos
760 1396 781 1437 a
813 1373 876 1437 suis
898 1374 1122 1462 principibus,
1162 1378 1222 1463 qui

131 1467 155 1498 “
169 1456 328 1533 dicerent,
351 1458 486 1535 AEduos,
501 1484 521 1523 a
537 1460 660 1526 cesare
682 1482 714 1525 m
728 1460 917 1525 servitutem
933 1460 1091 1537 redactos,
1112 1484 1220 1528 omnes
1316 1504 1320 1509 ·

129 1554 153 1584 “
168 1542 376 1633 indignitates
390 1546 822 1634 contumeliasqueperferrc
836 1559 870 1610 et
884 1547 929 1611 ab
943 1544 1058 1611 AEduis
1068 1548 1223 1613 defecisse

131 1642 155 1672 ‘⁶
171 1642 206 1695 et
228 1631 357 1719 populo
371 1632 516 1697 Romano
541 1632 663 1699 bellum
688 1632 840 1696 intulisse.
896 1633 961 1707 Qui
985 1632 1079 1720 hujus
1097 1634 1221 1701 consilii
1268 1692 1271 1696 ,

129 1728 152 1759 “
169 1718 329 1821 principes
342 1718 485 1795 fuissent,
510 1718 598 1807 quod
621 1717 859 1807 intellegerent,
883 1731 1037 1805 quantam
1059 1720 1233 1803 calamita-¹

128 1816 152 1847 “
166 1818 233 1870 tem
253 1806 377 1870 civitati
398 1806 589 1882 intulissent,
609 1806 642 1869 in
657 1806 855 1871 Britanniam
869 1804 966 1891 profu
991 1806 1057 1869 isse.
1104 1806 1223 1871 Petere

131 1902 153 1933 “
169 1914 233 1956 non
256 1892 358 1957 solum
380 1891 578 1969 Bellovacos,
603 1891 657 1957 sed
683 1891 779 1955 stiam
800 1913 860 1979 pro
883 1889 930 1955 his
997 1891 1089 1967 duos,
1110 1903 1148 1957 ut
1162 1916 1221 1972 sua

130 1989 153 2021 ‘⁶
169 1978 386 2044 clementinae
400 1978 643 2045 mansuetudine
658 1979 690 2042 in
705 2001 759 2042 eos
772 1989 897 2042 utatur.
944 1976 1041 2051 Quod
1056 1978 1082 2042 si
1094 1977 1221 2055 fecerit,

127 2076 151 2107 ‘⁶
169 2064 353 2131 AEduorum
376 2067 602 2131 auctoritatem
627 2063 716 2152 apud
741 2086 848 2128 omnes
872 2062 933 2128 Bel
1008 2062 1219 2151 amplificatu-

129 2163 152 2194 “
168 2175 261 2217 rum:
286 2174 425 2240 quorum
436 2152 560 2218 auxiliis
571 2163 671 2239 atque
682 2149 809 2237 opibus,
820 2152 846 2212 si
861 2086 1026 2233 quabadla
1037 2148 1221 2229 inciderint,

129 2251 348 2303 “sustentare
363 2240 576 2303 consuerint.'¹

176 2326 224 2391 15.
250 2324 357 2390 Caesar
379 2323 505 2389 honoris
528 2321 681 2389 Divitiaci
704 2330 804 2405 atque
829 2318 1013 2383 AEduorum
1033 2343 1141 2387 cauma
1154 2347 1222 2389 sese

125 2434 179 2478 eos
193 2414 226 2477 in
240 2410 337 2475 fidem
351 2422 559 2498 recepturum
579 2417 613 2471 et
633 2417 895 2470 conservaturum
912 2404 1014 2469 dixit:
1037 2406 1106 2484 sed,
1120 2410 1220 2497 ‘quod

124 2512 197 2565 erat
219 2498 332 2563 civitas
353 2516 468 2583 magna
490 2494 575 2559 inter
592 2491 651 2557 Bel
675 2514 708 2555 as
728 2490 923 2555 auctoritate
938 2502 1037 2642 supple
1053 2490 1220 2561 hominum

126 2582 337 2651 multitudine
352 2582 536 2671 pressabat,
563 2579 625 2645 DC
642 2514 768 2643 obsides
783 2578 938 2665 poposcit.
1021 2578 1046 2642 is
1074 2580 1217 2669 traditis,

124 2672 338 2757 omnibusque
366 2668 462 2734 armis
487 2690 527 2732 ex
556 2664 675 2767 oppido
697 2662 841 2738 conlatis,
865 2663 908 2727 ab
932 2685 971 2727 eo
994 2662 1066 2728 loco
1086 2666 1119 2729 in
1138 2665 1218 2732 fines

125 2758 360 2823 Ambianorum
374 2755 533 2843 pervenit,
556 2772 613 2839 qui
625 2776 658 2815 se
669 2773 790 2838 suaque
811 2749 916 2813 omnia
929 2750 995 2813 sine
1016 2771 1107 2815 mora
1124 2750 1219 2817 dedi.

122 2844 254 2910 derunt.
278 2842 402 2907 Eorum
413 2840 490 2907 fines
502 2838 616 2905 Nervii
631 2837 860 2925 adtingebant:
885 2858 1024 2923 quorum
1035 2835 1079 2901 de
1102 2852 1220 2906 natura

121 2932 333 3017 moribusque
344 2929 450 2993 Caesar
462 2950 562 3015 quum
574 2936 746 3013 quaereret,
755 2923 800 2987 sic
811 2922 1013 3025 reperiebat:
1038 2934 1061 2963 “
1076 2924 1217 2994 Nullum

122 3030 146 3061 “
161 3018 289 3083 aditum
311 3038 376 3081 esse
391 3014 433 3079 ad
454 3036 506 3079 eos
526 3010 775 3077 mercatoribus:
800 3008 878 3074 nihil
901 3011 968 3098 pati
991 3009 1056 3075 viui
1075 3011 1216 3099 reliqua·

122 3116 303 3191 “rumque
322 3124 442 3176 rerum,
470 3100 511 3165 ad
533 3099 692 3171 luxuriam
712 3096 954 3185 pertinentium,
977 3095 1101 3171 inferri,
1125 3098 1217 3185 quod

121 3204 145 3234 ‘⁶
162 3190 209 3268 his
221 3191 319 3255 rebus
333 3188 574 3276 relanguescere
596 3184 715 3249 animos
738 3196 773 3247 et
792 3182 914 3249 remitti
934 3182 1091 3246 virtutem
1109 3183 1218 3248 existi-

121 3290 145 3321 “
160 3288 304 3345 merent:
327 3298 391 3341 esse
404 3274 544 3340 homines
559 3272 642 3339 feros
652 3292 839 3359 magnaeque
851 3268 999 3334 virtutis:
1023 3268 1218 3357 increpitare

117 3487 224 3541 nomine
247 3488 429 3551 Brasupaau
446 3486 528 3535 docet,
561 3482 643 3531 Obtu·
690 3488 781 3537 tantur,
800 3477 882 3529 soluit
898 3478 982 3529 (lm
997 3480 1089 3539 dicere,
1104 3480 1130 3531 id
1144 3484 1215 3546 quod

120 3548 186 3605 leret
206 3552 349 3603 Academiae
372 3550 491 3601 Parisinus
510 3548 573 3598 olim
592 3548 641 3596 cel.
689 3547 740 3612 jam
757 3544 872 3592 Oudend.
891 3542 964 3603 vidit,
982 3544 1089 3594 Nervios
1109 3548 1214 3597 cumino

120 3620 228 3669 Bonami
238 3616 438 3667 dissertationem
447 3616 478 3663 de
490 3616 641 3676 bratuspou-
691 3610 756 3659 nibil
775 3608 896 3658 mercium
917 3608 984 3657 velle
1003 3610 1157 3673 ertrinsecus
1176 3613 1216 3663 in-

117 3690 161 3733 tio.
190 3683 223 3732 V.
234 3672 380 3731 Mentissam
391 3681 492 3729 observ.
507 3680 538 3727 ad
549 3678 576 3725 h.
588 3678 605 3725 l.
616 3685 642 3725 et
691 3673 794 3739 portari.
812 3676 850 3723 M.
875 3674 954 3722 Plane
964 3682 992 3722 ut
1001 3677 1026 3733 4,
1037 3680 1062 3722 2,
1095 3673 1211 3724 Oudend.

121 3748 181 3797 Not.
192 3750 224 3797 de
234 3748 259 3796 la
267 3748 355 3805 thule,
365 3762 391 3809 p.
403 3748 457 3794 172.
690 3742 817 3803 vulgatum
826 3754 858 3787 ex
869 3736 954 3787 serbis
964 3754 1016 3801 seq.
1031 3747 1115 3787 ortum·
1128 3740 1213 3803 suspi-

158 3814 197 3862 Aa
206 3830 262 3862 eum
270 3828 322 3861 reo.
340 3810 511 3860 adCscsarem.
530 3800 567 3857 Μ.
690 3814 760 3853 catur
777 3811 802 3852 et
819 3819 850 3851 ex
872 3807 893 3861 l,
912 3808 937 3851 2.
968 3804 1086 3851 Gruterus
1106 3804 1212 3854 verbum

154 3880 240 3928 Petere
248 3872 394 3925 sonantum.
412 3874 480 3924 Edit.
488 3881 538 3923 vet.
550 3874 642 3922 Prao·
688 3866 951 3935 pertinentiumabjici
967 3866 1077 3916 volebat.
1109 3868 1212 3919 Grsscus

118 3958 164 3994 rea
172 3950 259 4006 μείονι.
690 3942 714 3983 et
725 3933 876 3982 Celsuwum
887 3931 990 3993 vulgato
999 3932 1165 3982 consentiunt.
1210 3985 1213 3991 ,

153 4010 302 4057 scamas.
337 4004 412 4055 AEdui
431 4021 447 4054 a
467 4003 551 4067 Belgis
570 4000 641 4051 auxi·
725 4000 823 4047 Aemus
838 4007 930 4045 eorum·
963 3995 1104 4045 Deloverim
1118 4014 1211 4059 eornm,

120 4072 184 4121 lium
196 4082 280 4135 petere
291 4072 382 4130 solent,
394 4080 421 4119 ut
432 4085 503 4135 pares
514 4069 562 4118 sint
572 4066 640 4115 bello
690 4061 821 4137 quodttleri
833 4070 906 4125 posse
916 4061 992 4109 sensit
1002 4060 1118 4110 Oudend.
1141 4062 1167 4112 Si
1178 4066 1214 4114 sd

117 4139 238 4200 gerendo.
255 4138 294 4185 M.
602 4172 605 4181 ,
691 4128 799 4179 Nervios
807 4127 945 4186 referretur,
960 4124 1068 4175 debebat
1082 4142 1137 4175 esse
1145 4143 1216 4177 raas.

155 4204 213 4257 Seri,
223 4202 360 4267 quoderut.
376 4200 427 4251 Alii
438 4208 469 4249 et.
692 4194 731 4243 Μ.
748 4190 815 4239 Mihi
832 4190 930 4239 videtur
949 4205 1086 4254 pronomen
1100 4208 1115 4239 e
1128 4192 1212 4254 glossa

154 4268 223 4317 Inter
235 4268 332 4331 Belpas.
349 4266 400 4315 Alii
410 4274 433 4315 ee
442 4268 514 4315 ouer.
691 4258 816 4322 adjectum
827 4264 852 4304 et
860 4255 1006 4305 tollendum.
1023 4257 1098 4319 Apud
1107 4255 1212 4307 celsam

155 4332 195 4382 Ad
212 4334 299 4381 tuear.
315 4334 403 4397 pensu
437 4329 499 4378 llaec
516 4327 592 4377 verba
609 4326 643 4374 ab
693 4332 718 4371 et
728 4320 913 4384 metaphrasten
926 4320 1040 4374 Gesacum
1050 4322 1213 4386 Μιθρῇ

122 4396 190 4449 bead
206 4396 298 4463 paucis
312 4394 387 4450 libris
401 4394 499 4447 absunt.
528 4391 644 4445 ‘siomit-
692 4388 770 4441 reum
779 4394 826 4442 est.
858 4384 969 4450 Cim.

1020 4468 1043 4518 B
1143 4536 1145 4544 ,
