2909 4809
248 165 314 303 oso
591 226 654 298 un
677 219 827 336 santo
850 217 1007 297 civim.
1095 216 1104 278 .·

251 417 386 498 Ceratis
400 427 622 506 exspectatur:
645 417 771 484 nullum
783 439 824 485 ex
836 439 942 492 muro,
958 413 1115 481 nullnm'a
1129 409 1247 477 nostris
1269 409 1347 478 mit-

251 505 336 571 titur
361 505 482 580 telum;
505 517 543 569 ut
569 527 604 570 re
628 505 787 581 confecta,
814 525 922 570 omnes
949 525 1067 576 curum¹
1081 512 1115 565 et
1139 498 1346 586 diligentiam

251 591 433 659 remittunt.
477 591 585 657 Caesar
611 592 696 657 enim
723 615 783 680 per
807 591 931 656 litteras
956 587 1121 654 Trebonio
1143 607 1347 674 magnopere

251 678 469 754 mandaverat,
483 701 521 744 ne
532 701 597 779 per
622 677 687 743 uim
711 677 871 767 oppidum
894 674 1071 766 expugnari
1092 684 1277 762 pateretur;
1304 695 1346 736 ne

250 765 381 852 gravius
400 777 541 866 permoti
565 763 682 830 milites
708 778 744 829 et
763 762 950 830 defectionis
973 761 1045 828 odio
1068 775 1102 825 et
1123 759 1346 826 contemtione

224 902 227 907 .
250 850 300 916 sui
319 863 353 916 et
375 850 501 917 diutino
523 850 633 916 labore
652 873 759 916 omnes
782 850 919 939 puberes
937 847 1173 914 interficerent:
1197 845 1287 933 quod
1310 867 1345 910 se

250 937 393 1004 facturos
407 938 630 1011 minabantur;
652 960 801 1026 regreque
823 949 899 1001 tunc
912 947 985 1002 sunt
1000 933 1129 1009 retenti,
1152 931 1231 1023 quin
1246 933 1345 1022 oppi-

249 1023 327 1090 dum
362 1023 468 1090 inrum
511 1035 597 1098 rent,
632 1023 841 1113 graviterque
876 1045 945 1088 eam
972 1045 1040 1088 rem
1069 1021 1231 1095 tulerunt,
1253 1019 1344 1107 quod

249 1111 374 1262 qqetisse
398 1134 455 1199 per
469 1048 683 1186 erembertum,
699 1110 884 1198 quominus
901 1107 1022 1202 oppido
1037 1109 1235 1196 potirentur,
1253 1105 1344 1172 vide·

294 1208 360 1262 tur.

297 1283 347 1346 14.
371 1282 418 1348 At
429 1280 533 1347 hostes
546 1283 613 1352 sine
628 1281 692 1348 lide
706 1294 833 1373 tempus
844 1293 941 1370 atque
954 1281 1149 1347 occasionem
1166 1275 1292 1345 fraudis
1305 1303 1342 1346 ac

248 1365 317 1434 doli
331 1381 496 1459 quaerunt;
520 1369 761 1461 interjectisque
776 1369 901 1459 aliquot
914 1368 1037 1443 diebus,
1057 1368 1172 1437 nostris
1187 1367 1343 1455 languen-

249 1455 339 1520 tibus
351 1469 449 1543 atque
463 1455 568 1520 animo
581 1455 727 1531 remissis,
741 1455 858 1532 subito,
878 1454 1053 1532 meridiano
1066 1468 1225 1556 tempore,
1239 1475 1342 1540 quum

243 1541 331 1608 'alius
350 1539 550 1620 discessisset,
576 1542 658 1608 alius
683 1567 723 1608 ex
748 1542 873 1608 diutino
894 1541 1003 1608 labore
1028 1541 1060 1606 iu
1090 1543 1166 1630 ipsis
1188 1540 1343 1630 operibus

169 1669 172 1677 ·
247 1627 353 1716 quieti
379 1653 413 1695 se
439 1628 587 1706 dedisset,
614 1652 704 1695 arma
730 1651 806 1694 vero
832 1629 935 1694 omnia
962 1625 1104 1715 reposita
1127 1641 1343 1714 contectaque

247 1728 363 1793 essem,
391 1715 494 1804 portis
513 1740 546 1782 se
568 1715 653 1782 foras
672 1739 763 1783 erum
789 1728 859 1791 unt,
883 1713 1023 1780 secundo
1043 1736 1224 1802 magnoque
1244 1728 1340 1778 vento

249 1799 356 1888 ignem
371 1801 525 1891 operibus
538 1802 692 1869 inferunt.
740 1741 836 1868 ilinc
858 1803 902 1867 sic
924 1800 1051 1867 distulit
1063 1816 1189 1876 ventus,
1211 1801 1260 1865 uti
1276 1822 1341 1866 uno

145 1912 149 1923 ·
248 1899 396 1977 tempore
421 1911 534 1978 agger,
553 1890 675 1992 plutei,
700 1888 839 1964 testudo,
864 1888 974 1968 turris,
996 1901 1156 1954 tormenta
1181 1886 1340 1954 flumem

141 1999 144 2005 ·
247 1977 457 2064 conciperent
466 1989 499 2040 et
536 1975 679 2042 rrusbaec
693 1977 798 2042 omnia
811 1987 1095 2050 consumerentur,
1129 1995 1213 2050 uam,
1229 1997 1339 2062 quem·

248 2060 423 2128 admodum
437 2001 613 2138 accidisset,
628 2063 769 2128 animum
783 2062 910 2128 adverti
924 2073 1040 2150 posset.
1122 2061 1213 2136 ostri,
1226 2081 1338 2162 repen·

247 2147 316 2212 tina
329 2148 460 2213 fortuna
475 2151 627 2236 permoti,
641 2172 741 2225 arma,
756 2173 829 2237 quse
844 2161 988 2236 possunt,
1013 2147 1199 2236 adripiunt:
1222 2147 1279 2212 alis
1299 2172 1338 2214 ex

188 2293 194 2305 ,
246 2234 360 2299 castris
381 2258 446 2300 sese
465 2235 617 2310 incitant;
648 2235 687 2301 fit
699 2236 732 2300 in
747 2235 844 2300 hostis
865 2235 1008 2323 inpetum
1030 2235 1085 2300 sed
1105 2258 1199 2301 muro
1213 2235 1338 2324 sagittis

245 2320 480 2408 tormentisque
494 2321 655 2424 fugientes
667 2321 815 2410 persequi
827 2320 1050 2410 probibentur.
1073 2321 1125 2386 llli
1137 2321 1198 2388 sub
1210 2345 1338 2388 murum

245 2429 281 2470 se
302 2407 465 2495 recipiunt
494 2407 603 2495 ibique
629 2408 806 2474 musculum
831 2407 945 2473 turrim
971 2433 1010 2474 ue
1039 2407 1210 2474 lateritiam
1236 2409 1338 2478 libere

246 2490 431 2559 incendunt.
469 2493 521 2559 lta
543 2494 719 2560 multorum
745 2495 898 2560 mensium
924 2432 1016 2560 labor
1038 2494 1175 2561 hostium
1191 2495 1336 2584 perfidia,

245 2583 282 2644 e't
308 2579 341 2645 vi
367 2594 432 2647 tem
490 2581 576 2658 tatis,
604 2593 727 2670 puncto
752 2595 816 2648 tem
862 2581 905 2648 ris
934 2581 1068 2646 interiit.
1114 2581 1336 2648 Tentaverunt

245 2662 306 2731 lroc
322 2665 406 2733 idem
460 2667 632 2737 assilienses
652 2683 782 2758 postero
825 2690 869 2734 re:
893 2668 1145 2734 eamdemnacti
1166 2677 1334 2758 tempesta·

243 2762 324 2829 mm,
350 2754 464 2842 majori
493 2777 567 2820 cum
594 2753 710 2820 fiducia
735 2755 777 2822 ad
806 2755 943 2820 alterum
970 2769 1094 2820 turrem
1120 2779 1334 2844 aggeremque

241 2839 414 2927 eruptione
429 2852 657 2928 pugnaverunt
677 2843 881 2928 multumque
900 2841 1007 2930 ignem
1021 2840 1212 2908 intulerunt.
1258 2843 1333 2918 Sed,

244 2937 285 2990 ut
292 2926 467 3014 superioris
478 2927 631 3016 temporis
642 2930 878 2994 contentionem
890 2927 989 2993 nostri
1002 2951 1127 2992 omnem
1140 2929 1334 3004 remiserant,

242 3010 303 3086 ita,
318 3012 457 3102 proximi
469 3012 533 3078 diei
545 3036 620 3078 casu
631 3013 798 3090 admoniti,
808 3013 960 3081 omniaad
976 3013 1189 3080 defensionem
1203 3037 1333 3104 parave-

244 3111 330 3164 rant.
375 3098 502 3187 ltaque,
518 3099 626 3165 multis
638 3100 827 3180 interfectis,
854 3100 994 3189 reliquos
1006 3099 1124 3192 infecta
1144 3125 1180 3168 re
1193 3101 1225 3168 iu
1240 3103 1332 3196 oppi-

243 3183 325 3251 du'm
338 3209 375 3252 re
400 3186 541 3252 ulerunt.
1111 3221 1112 3224 ¹

292 3271 342 3336 15.
365 3210 547 3340 freherius
560 3297 610 3350 ea,
639 3298 711 3362 quaa
727 3285 803 3341 sunt
816 3271 939 3352 amima,
954 3273 1057 3340 multo
1080 3275 1202 3366 majore
1225 3273 1330 3343 studio

244 3356 385 3424 militum
398 3359 620 3431 administrare
639 3375 673 3428 et
693 3361 825 3427 reficere
845 3359 997 3428 instituit.
1044 3361 1140 3439 Nam
1156 3361 1212 3429 ubi
1228 3377 1330 3431 tantos

243 3468 318 3512 suos
331 3444 458 3514 labores
470 3458 504 3512 et
513 3447 690 3537 adparatus
704 3449 787 3516 male
798 3448 944 3514 cecidisse
958 3448 1122 3526 viderunt,
1135 3449 1330 3540 induciisque

278 3619 358 3668 Ama
376 3624 491 3670 mrem.
507 3619 560 3669 vid.
581 3621 614 3670 ad
632 3619 663 3670 B.
685 3621 718 3670 G.
740 3625 765 3684 θ,
786 3663 788 3670 .
849 3625 925 3673 Mure
935 3625 1209 3738 superspatiosum,
1225 3623 1329 3691 sagittis,

244 3682 287 3731 st.
305 3683 343 3730 M.
814 3701 913 3736 emmo
924 3686 1017 3738 missis.
1066 3724 1072 3737 .

265 3745 311 3795 'Se
323 3747 395 3810 forus
412 3756 556 3815 rumpuat.
590 3749 633 3799 Sic
652 3759 678 3800 et
695 3749 765 3815 virg.
846 3754 947 3816 Majori.
964 3745 1015 3803 atil
1027 3757 1174 3820 majomque.

243 3809 275 3859 G.
293 3813 319 3870 4,
336 3814 394 3861 368.
424 3812 464 3863 ct.
486 3823 512 3863 et
535 3813 636 3878 Berger.
659 3817 691 3864 de
712 3823 764 3865 nat.
848 3819 990 3881 Superioris
1015 3823 1128 3884 temporis
1154 3823 1326 3872 emendam

281 3875 328 3923 lcr.
347 3885 411 3926 orat.
428 3893 454 3942 p.
478 3883 535 3929 ⁴⁰8.
550 3887 577 3928 et
589 3880 717 3930 Drakeub.
732 3883 765 3931 sd
813 3881 955 3945 (antiquam
974 3882 1163 3943 tortitudinem)
1183 3890 1326 3936 miseruut

263 3937 336 3988 ilium
350 3943 389 4001 19,
400 3944 456 3991 438.
813 3947 871 4059 qpner
889 3947 988 4010 aliquot
1008 3947 1082 4010 dies).
1113 3951 1152 3999 M.
1194 3949 1282 4001 Circe.
1302 3959 1326 4002 et

272 4003 415 4055 roma
437 4003 577 4073 fimorum
602 4013 764 4074 commem.
853 4009 931 4060 sisius
949 4013 1052 4062 mallent
1072 4017 1196 4079 superiori
1213 4023 1325 4081 tempore,

243 4065 330 4130 Vulgo
340 4076 517 4139 (Μικίψα.
549 4073 613 4127 Edu.
629 4083 681 4125 vet.
699 4078 765 4126 ucci-
812 4089 949 4140 nouopur.
974 4077 1015 4126 Sic
1033 4083 1109 4129 cto.
1128 4081 1324 4145 mirapeis‘orers

238 4139 335 4200 ΡΜ·
812 4155 885 4260 m
897 4141 988 4197 addita
1000 4147 1132 4212 presentie
1148 4149 1265 4213 temporis
1278 4150 1326 4214 cpi·
