2909 4809
255 262 317 343 140
551 258 615 327 DE
638 256 789 328 BELLO
813 254 1038 325 GALLICO'

256 456 281 489 “
296 446 420 515 infinito
432 444 663 536 magnitudine,
687 468 761 534 quae
775 442 960 533 adpellntur
976 440 1121 521 B'acenis,
1148 439 1230 507 huuc
1243 440 1342 529 longe

257 544 280 573 ‘⁴
296 535 362 601 intr
382 559 452 601 rsus
466 535 627 623 pertinere
640 546 686 612 et,
708 556 768 621 pro
780 532 888 599 nativo
902 530 1180 631 muro-objectam,
1201 527 1339 595 Cherus-

257 630 281 663 “
297 559 408 689 eclib
424 621 549 701 Sociis,
578 622 768 707 Suevosque
790 619 834 685 ab
862 616 1042 692 Cheruscis,
1053 616 1174 704 injuriis
1188 614 1340 683 meursio-

258 718 281 750 “
297 708 455 796 nibusque
480 707 672 795 prohibere:
704 705 747 771 ad
771 706 840 793 ejus
866 704 990 770 initium
1014 702 1102 769 silvae
1128 703 1252 769 Suevos
1285 702 1339 767 nd·

257 806 282 835 “
296 806 430 861 ventum
444 794 664 861 Romanorum
676 804 864 881 exspectare
878 790 1108 858 constituisse.''

304 881 353 945 ll.
378 881 539 958 Quoniam
553 880 595 945 ad
618 879 704 945 hunc
718 880 826 945 locum
840 888 1032 967 perventum
1045 888 1105 958 est,
1125 898 1187 943 non
1201 874 1340 946 alienum

253 990 322 1034 esse
336 966 480 1048 videtur,
493 965 536 1033 de
553 965 668 1032 Gallice
684 965 927 1053 Gennoniaeque
942 964 1096 1039 moribus,
1122 975 1156 1029 et
1169 986 1237 1051 quo
1250 962 1340 1029 diffe-

255 1067 330 1119 rant
357 1077 404 1119 eae
432 1053 574 1119 nationes
602 1052 685 1119 inter
707 1076 773 1119 sese
799 1074 992 1141 proponere.¹
1033 1054 1058 1090 '“
1074 1049 1113 1115 Iu
1143 1049 1264 1115 Gallis
1279 1072 1341 1115 non

164 1220 170 1223 ,
257 1150 280 1182 “
296 1139 401 1206 solum
414 1138 449 1207 in
462 1140 609 1205 omnibus
623 1138 809 1205 civitatibus
821 1151 920 1225 atque
933 1139 965 1203 in
980 1136 1126 1204 omnibus
1136 1136 1227 1239 pagis
1242 1135 1343 1226 purti-

256 1236 280 1267 “
297 1229 435 1313 busque,
449 1226 505 1292 sed
521 1248 611 1313 paene
624 1226 722 1291 etiam
738 1226 770 1291 in
781 1224 913 1314 singulis
924 1224 1070 1291 domibus
1080 1224 1231 1290 facuones
1244 1234 1342 1289 suntt

257 1321 280 1354 “
295 1336 472 1400 earumque
488 1312 664 1377 factionum
703 1312 839 1401 rincipes
853 1325 939 1393 sunt,
965 1312 1022 1399 qui
1036 1334 1188 1377 summam
1203 1310 1343 1376 auctori-

257 1410 280 1439 “
296 1410 398 1464 tutem
411 1421 523 1468 eorum
535 1398 660 1487 judicio
711 1400 789 1465 bere
804 1399 1037 1478 existimantur,
1052 1422 1192 1487 quorum
1202 1394 1245 1462 ad
1258 1396 1345 1462 arbi·

247 1496 280 1526 '⁶‘
296 1486 396 1550 trium
416 1484 639 1574 judiciumque
653 1503 775 1551 summa
786 1486 927 1551 omnium
943 1508 1052 1552 rerum
1074 1484 1345 1570 consiliorumque

257 1584 281 1612 “
297 1572 416 1638 redeat.
464 1570 568 1661 quue
583 1574 651 1661 ejus
666 1573 714 1638 rei
729 1592 838 1639 caussa
851 1572 1030 1659 antiquitus
1051 1572 1234 1637 institutum
1256 1570 1347 1637 vide-

257 1670 281 1700 “
297 1671 365 1734 tur,
389 1659 515 1747 nequis
539 1683 581 1725 ex
602 1659 699 1746 plebe
719 1673 833 1726 contra
855 1659 1071 1749 potentiorem
1092 1655 1202 1723 auxilii
1216 1670 1344 1745 egeret:

257 1756 280 1787 ‘⁶
295 1770 369 1826 suos
391 1747 476 1811 enim
498 1746 635 1833 quisque
660 1745 801 1835 obprimi
829 1759 863 1811 et
886 1744 1109 1812 circumveniri
1128 1766 1192 1811 non
1206 1746 1347 1831 patitur,

204 1900 209 1907 ,
257 1844 281 1875 “
297 1856 414 1920 neque,
428 1832 524 1897 aliter
538 1834 564 1897 si
580 1834 710 1907 faciant,
737 1832 837 1897 ullam
850 1833 936 1898 iuter
949 1856 1023 1898 suos
1038 1832 1157 1897 habent
1170 1832 1347 1897 auctorite-

257 1931 280 1961 “
296 1921 394 1983 tem.”
440 1918 521 1983 Haec
550 1920 661 1985 eadem
687 1919 772 1983 ratio
793 1920 896 2019 ¹estin
915 1942 1049 2019 *summu
1077 1918 1177 1983 totius
1208 1918 1343 1985 Gallius:

254 2003 1242 2169 miiuiiiifflciiiiffiiiiii‘iiiiigiiiissiui&non
1257 2090 1347 2178 pnn-

256 2177 287 2246 ci
358 2190 450 2243 eraut
466 2176 577 2253 AEdui,
592 2177 727 2243 alterius
743 2178 896 2279 Sequani.
944 2176 989 2241 Hi
1003 2201 1104 2265 quum
1120 2200 1179 2265 per
1194 2201 1226 2241 se
1241 2178 1348 2243 minus

255 2202 414 2340 vaiiient,
433 2262 523 2349 quod
535 2285 669 2328 summa·
680 2276 857 2329 auctoritas
874 2263 1054 2351 antiquitus
1076 2276 1147 2329 erat
1169 2263 1202 2329 in
1219 2263 1348 2342 AEduis‚

255 2372 443 2439 magnaeque
451 2349 841 2427 conumerantclientelae,
851 2352 1136 2440 Germanosutque
1146 2350 1349 2418 Ariovistum

291 2548 396 2611 Infinita
414 2545 596 2611 simoniae
616 2544 779 2608 aliiinflm'tae
826 2556 908 2610 purnes
930 2547 1019 2610 liuline,
1042 2546 1207 2607 Macedonice,
1240 2546 1349 2597 Achaia

257 2613 438 2677 munuum&
465 2612 508 2661 vel
536 2613 659 2675 inflictos»
680 2614 779 2676 mcqni·
825 2612 958 2661 dicuntur:
976 2612 1038 2679 Pagi
1050 2621 1089 2663 est
1098 2628 1187 2663 nomen
1206 2612 1349 2688 proprium,

226 2684 230 2699 ·
259 2680 351 2730 Μίνω.
824 2692 877 2741 quo
897 2676 1012 2741 regiones
1031 2678 1177 2743 sivepertes
1193 2676 1348 2727 Gallicanum

293 2745 404 2793 Bacenis.
419 2742 517 2792 Omnes
525 2742 710 2806 propemodum
718 2754 779 2790 con·
827 2741 971 2791 civitatium
983 2743 1161 2807 insigniuntur.
1189 2742 1223 2791 cs.
1257 2747 1278 2791 l.
1306 2746 1348 2791 st.

257 2807 379 2867 sentiunt,
399 2808 463 2857 hunc
474 2806 553 2857 fuisse
570 2815 665 2871 purtem
682 2807 779 2869 Hercu·
828 2806 897 2871 Ergo
909 2822 935 2857 re
947 2808 1003 2871 ipsu
1022 2824 1071 2858 non
1091 2808 1218 2867 differunt,
1236 2816 1266 2856 ut
1277 2822 1301 2856 c.
1314 2811 1347 2855 23

257 2870 693 2936 niaecilvae,dequainfrncup.25
719 2870 780 2919 Cei·
827 2882 852 2920 et
870 2878 902 2923 43
920 2877 973 2922 re'
1004 2890 1028 2923 es
1043 2882 1068 2923 et
1083 2877 1148 2937 pcqt'
1162 2870 1348 2934 nondiffcrunt,

258 2935 337 2985 larius
354 2936 386 2985 ud
404 2935 430 2984 h.
441 2935 460 2984 1.
481 2935 622 2985 accuratius
632 2935 779 2984 definiturus
827 2935 876 2985 nisi
887 2954 937 3001 quo
973 2942 1082 3002 reqiones
1093 2938 1222 2987 communi
1233 2938 1347 2999 nornine,

259 3000 434 3063 sicdisputotz
450 2998 780 3074 qniBuocnisinextremis
824 3005 887 3066 puqi'
907 3002 1012 3067 proprio
1028 3002 1154 3052 dicuntur.
1181 3004 1219 3051 M.
1254 3002 1348 3051 Forsan

259 3064 390 3115 Ostiorum
401 3066 485 3125 fuerit,
503 3066 572 3127 (num
583 3064 650 3113 Cutti
662 3066 779 3115 seduunt
826 3066 875 3117 sub
884 3068 998 3130 pambus
1008 3067 1198 3181 immffdum
1211 3083 1348 3132 ριιροηιπι,

258 3128 308 3189 ibi,
319 3130 363 3179 ubi
373 3130 481 3181 Caenris
492 3128 569 3179 Suevi
580 3137 646 3179 sunt.
654 3130 687 3178 cf.
702 3134 724 3189 l,
736 3131 778 3179 5⁴.
825 3139 854 3180 ut
865 3132 921 3181 vult
932 3130 1056 3181 Clnrkius.
1129 3132 1209 3182 virius
1217 3132 1347 3181 ebunrhrc

260 3198 322 3255 4,8.
348 3194 438 3245 Sedde
449 3196 491 3244 bis
503 3204 592 3259 proeter
601 3194 666 3243 ulios
675 3194 727 3259 egit
737 3194 778 3243 lll.
826 3196 954 3246 credebat.
990 3198 1036 3247 Est
1046 3206 1071 3247 et
1087 3206 1202 3261 suspectu
1220 3212 1272 3246 vox
1290 3196 1349 3245 Ου-

259 3260 403 3309 Buensvius
418 3261 445 3309 in
467 3259 573 3309 historic
592 3258 695 3323 imperii
717 3259 780 3308 Ger·
826 3260 978 3325 dendorpio.
1002 3260 1347 3313 Pmniuummubusneic

259 3323 353 3400 munici
373 3327 402 3400 P.
415 3326 435 3374 1.
455 3341 482 3388 p.
494 3328 527 3374 28
545 3332 571 3385 et
583 3326 627 3399 332)
644 3333 671 3399 et
685 3323 719 3400 co
739 3324 781 3373 his
825 3334 882 3375 sunt
892 3328 937 3390 qui
950 3326 1089 3388 croittunt5¹
1101 3328 1144 3377 sed
1155 3334 1223 3377 amnt
1233 3335 1348 3391 repetere

260 3390 780 3513 :5¹⁰rntt‘iituttt’ifflsssttt
825 3388 1346 3517 Caeo'iittnnnnnfflnn.

260 3532 310 3565 non
328 3518 403 3582 longe
419 3518 512 3567 afuisse
528 3518 563 3568 ub
581 3518 779 3582 illisflereyuic
825 3526 854 3568 ut
872 3522 905 3569 ud
923 3522 1275 3572 horumarbitrium—redire
1289 3523 1347 3587 juro

259 3581 330 3633 silvae
350 3580 472 3646 reliquiis,
486 3598 544 3646 quae
563 3583 641 3632 hodie
663 3584 780 3632 dicuntur
825 3585 946 3647 possitue
958 3588 1059 3636 debent.
1081 3588 1118 3635 Μ.

258 3648 398 3698 der-Hm.
418 3648 516 3697 Eodem
525 3647 779 3697 inclinntBuennvius
861 3650 879 3699 1
928 3668 949 3701 e.
960 3651 1005 3701 alii
1018 3652 1061 3701 Id.
1075 3652 1172 3716 Itaque.

258 3712 278 3759 l.
290 3728 315 3762 c.
328 3729 355 3777 p.
366 3715 408 3760 st.
424 3712 589 3763 Eccurdosdc
599 3713 778 3762 Gennunornm
861 3716 889 3763 δι’
906 3714 1247 3779 annu-habenccynepsis,
1256 3714 1345 3779 deque

259 3777 359 3840 origiue
382 3778 406 3837 i.
424 3782 466 3828 96.
487 3794 513 3841 p.
534 3780 592 3825 216,
614 3794 671 3827 eom
691 3776 781 3843 quaerit
827 3778 941 3829 Sanctius
960 3780 985 3830 in
999 3781 1064 3831 Min.
1084 3786 1109 3843 4,
1123 3782 1199 3831 toci
1220 3779 1260 3831 ibi
1273 3781 1344 3831 Peri·

154 3847 160 3860 ·
259 3840 324 3890 inter
333 3842 437 3893 Fuldam
447 3852 474 3893 et
483 3842 608 3903 Werrnm,
618 3858 714 3892 umnec.
735 3845 774 3892 Μ.
826 3845 922 3895 nonius.

295 3908 332 3954 Ab
344 3909 440 3968 Sueuis,
454 3908 488 3958 nb
503 3924 535 3957 es
546 3916 625 3972 purte,
642 3924 694 3971 quo
704 3908 780 3958 Suevi
860 3910 894 3959 In
904 3922 1002 3960 tommo
1018 3914 1099 3963 totius.
1112 3911 1210 3961 calm.
1229 3911 1256 3960 h.
1274 3927 1300 3961 e.
1319 3910 1345 3961 in

263 3978 329 4029 sunt,
339 3973 372 4019 cd
383 3972 445 4023 finos
456 3974 603 4023 suevorum.
620 3974 659 4021 Μ.
826 3988 925 4023 summu
947 3990 1028 4025 rerum
1048 3976 1219 4040 publicarum,
1242 3974 1296 4025 sive
1318 3977 1344 4026 in

298 4036 692 4101 Quoufflmmniqwmoo.
826 4038 1043 4091 administratione
1070 4050 1096 4091 et
1123 4042 1203 4091 sonna
1224 4042 1344 4091 univenae

300 4100 334 4146 ln
352 4104 605 4166 puyscpm'buuque.
638 4103 724 4155 Partes
745 4112 785 4154 est
828 4104 943 4153 civitatis
953 4105 1067 4156 Gallicie.
1093 4107 1130 4154 M.

266 4176 400 4239 cotnmune
419 4182 520 4243 nonies,
536 4184 589 4241 quo
605 4167 720 4231 regiones
735 4168 785 4221 ali·
862 4170 1116 4239 Misi-Sequani.
1148 4170 1333 4233 Ci.i,81.M‚

267 4244 339 4294 cujus
367 4239 436 4282 teme
465 4240 643 4294 insigniuntur,
668 4245 697 4287 ut
722 4250 782 4287 curn
