2909 4809
209 297 268 367 xvi
352 296 553 367 HENRIOI
576 298 832 369 DODWELLI
854 300 1180 369 DISSERTATIO.

85 528 88 535 ,
209 484 321 563 fuerit,
343 497 378 551 et
401 490 534 555 Caessris
556 502 663 579 portes
685 489 787 555 fuerit
804 488 983 578 amplexus.
1029 489 1138 555 Prima
1151 488 1221 555 fere
1235 510 1312 576 per·

210 618 288 662 sons
300 604 321 637 ‘⁶
338 598 433 663 Nos''
450 599 567 688 inquit,
582 612 616 667 et
632 600 827 666 emrtuos
842 612 864 643 ‘⁴
876 599 1200 689 nostros''nppellst.
1236 599 1315 665 Hoo

215 728 332 795 nempe
347 718 431 788 erat,
445 709 536 797 quod
551 712 582 775 in
602 709 681 776 belli
697 708 815 776 Gallici
833 710 910 776 libri
934 708 1033 775 vl11.
1077 709 1222 797 Prologo
1244 708 1317 797 ipse

211 831 381 885 monuerat
396 819 539 898 Hirtius,
554 820 614 887 sibi
630 844 670 889 ne
686 820 771 886 illud
786 820 916 910 quidem
927 820 1090 901 accidisse,
1112 834 1152 886 nt
1171 821 1314 888 Alenu-

212 926 307 994 drino
326 942 426 1019 atque
452 931 608 999 Africano
633 932 722 998 bello
742 932 928 999 interesset:
953 933 1088 999 innuens
1109 932 1257 1021 proinde,
1281 931 1316 997 in

213 1037 348 1126 reliquis
362 1041 457 1107 bellis
471 1040 531 1109 sibi
543 1064 673 1131 quoque
688 1066 823 1132 operam
838 1043 936 1109 fuisse
950 1066 1014 1109 non
1029 1042 1187 1109 inutilem.
1234 1043 1315 1109 Non

211 1146 259 1215 its
273 1160 361 1216 certe
373 1149 406 1217 in
418 1150 505 1221 bello
520 1152 743 1221 A‘lexnndrino
754 1155 915 1243 loquitur,
928 1164 989 1221 ont
1003 1153 1170 1220 Africano.
1223 1154 1260 1221 N
1260 1178 1314 1221 ns-

212 1262 367 1351 qusmibi
380 1266 494 1353 prims,
511 1268 567 1335 sed
581 1267 678 1335 tertia
700 1290 849 1357 persons,
870 1266 1010 1333 absentis
1029 1265 1182 1333 nimirum
1202 1267 1316 1355 potius

213 1398 312 1465 quom
325 1358 425 1457 illius,
438 1380 496 1467 qui
511 1380 609 1447 rebus
628 1380 697 1469 ipse
713 1380 862 1468 gerendis
875 1378 1073 1453 interfirerit,
1094 1379 1316 1446 mrrationem

215 1483 367 1552 institnit.
386 1530 390 1537 -
413 1488 485 1555 Nec
505 1502 586 1578 puto
601 1487 662 1557 hoc
677 1488 859 1578 praevidisse
881 1488 1160 1576 interpolatorem,
1183 1488 1216 1555 in
1237 1489 1316 1557 reli·

214 1596 289 1685 quis
309 1592 573 1690 sdeo‘personoe,
600 1624 699 1690 quam
723 1601 889 1681 sustinuit,
914 1601 1079 1669 inoeutnn
1102 1590 1205 1691 etque
1228 1600 1315 1670 obli-

214 1728 353 1777 vrorum.
