2909 4809
446 256 534 337 un.
558 261 586 331 1.
632 265 736 358 cnr.
758 260 900 334 ιιι-ιι.
983 350 987 360 „
1150 263 1215 334 ssa

115 451 260 520 rioribus
278 452 445 524 ordinibus
463 457 496 525 in
519 477 595 523 eum
615 455 721 522 locum
745 465 947 545 pervenerat.
994 451 1219 521 vulnerantur

113 540 257 642 amplius
272 539 347 608 DC.
371 544 422 611 Ex
438 543 620 612 Afranianis
634 542 874 609 interficiuntur
889 543 930 608 T.
946 539 1105 618 Caecilius,
1119 543 1216 630 primi

114 626 178 716 pilr
205 629 375 706 Centurio,
395 645 431 699 et
452 646 570 722 praeter
591 653 665 698 eum
686 630 901 698 Centuriones
920 640 1074 718 quatuor,
1098 629 1217 696 milites

114 735 170 780 am
195 715 257 781 lius
269 717 413 784 ducenti.

159 738 215 868 ‘ii
239 804 305 869 Sed
319 804 385 871 ltaec
398 803 468 894 ejus
478 803 543 870 diei
559 805 732 893 praefertur
746 803 868 894 opinio,
881 819 920 872 ut
931 829 965 872 se
977 803 1112 892 utrique
1121 825 1216 891 supe·

114 887 218 954 riores
235 889 408 958 decessisse
428 889 670 967 existimarent;
701 888 882 968 Afraniani,
907 891 1005 995 quod,
1022 913 1124 979 quum
1149 911 1217 954 esse

115 976 261 1044 omnium
272 978 393 1066 judicio
406 977 572 1045 interiores
586 977 787 1056 viderentur,
810 1003 985 1046 comminus
1000 991 1066 1044 tem
1080 977 1138 1042 diu
1154 989 1216 1041 ste-

113 1061 229 1129 tissent
249 1077 283 1130 et
306 1077 492 1132 nostrorum
510 1065 656 1154 inpetum
677 1067 901 1133 sustinuissent
929 1078 964 1131 et
987 1064 1079 1132 initio
1108 1064 1218 1129 locum

113 1149 345 1238 tumulumque
372 1153 558 1228 tenuissent,
596 1147 670 1240 oute
698 1175 807 1220 caussa
834 1153 999 1242 pugnandi
1029 1153 1150 1226 fuerat,
1182 1161 1218 1214 et

115 1248 242 1302 nostros
271 1239 378 1328 primo
403 1261 575 1326 congressu
605 1251 698 1328 terga
728 1253 855 1308 vertere
880 1240 1074 1329 coegissent:
1113 1236 1215 1328 nostri

113 1333 236 1399 autem,
260 1324 362 1412 quod,
386 1325 498 1416 iniquo
521 1325 593 1392 loco
617 1339 718 1414 atque
746 1327 852 1416 inpari
880 1327 1042 1416 congressi
1069 1346 1218 1400 numero,

138 1409 172 1473 u'
219 1433 263 1476 ne
290 1411 377 1478 horis
427 1412 558 1478 ruolium
587 1414 822 1490 mutinuissent,
858 1414 948 1502 quod
977 1423 1119 1478 montem
1148 1411 1217 1499 gla-

114 1431 178 1561 aiis
260 1497 366 1565 trictis
425 1499 628 1575 soendiment,
651 1499 742 1587 quod
765 1523 805 1566 ex
834 1499 908 1566 loco
930 1499 1098 1588 superiore
1119 1511 1218 1600 terga

114 1595 246 1650 vertere
267 1583 465 1652 adversarios
488 1587 666 1674 coegissent
684 1601 784 1674 atque
808 1588 840 1653 in
864 1586 1021 1676 oppidum
1045 1585 1218 1685 compulss-

114 1681 198 1737 sent.
245 1669 300 1737 Illi
322 1695 395 1738 eum
416 1672 589 1752 tumulum,
616 1696 678 1761 pro
701 1695 769 1760 quo
791 1685 977 1773 pugnatum
1003 1684 1063 1748 est,
1094 1693 1218 1758 magms
1334 1741 1340 1748 ,

115 1757 274 1846 operibus
286 1761 475 1826 munierunt
489 1757 741 1848 prmsidiumque
756 1758 801 1824 ibt
816 1770 1004 1848 posuerunt.

158 1844 216 1909 48.
239 1846 372 1913 Accidit
399 1847 497 1913 etiarn
525 1845 728 1934 repentinum
757 1843 992 1911 incommodum
1018 1843 1129 1921 biduo,
1150 1865 1217 1932 quo

115 1930 185 1996 luteo
255 1943 383 2000 ta'sunt.
415 1932 614 2000 Tantaenim
626 1933 967 2020 tempestascooritur,
980 1943 1030 2008 ut,
1044 1953 1219 2019 numquam

116 2018 182 2084 illia
208 2019 274 2084 ocis
287 2021 425 2108 majores
439 2043 539 2124 eguus
553 2019 662 2096 fuisse,
677 2031 858 2086 constaret:
887 2033 958 2086 turn
971 2032 1081 2084 autem
1095 2040 1135 2082 ex
1151 2025 1218 2084 onl-

117 2106 216 2172 nibns
227 2107 392 2175 montibus
405 2107 488 2172 nivis
505 2107 632 2196 proluit
651 2129 689 2172 ac
710 2129 846 2172 summas
867 2107 954 2196 ripas
974 2105 1111 2170 fluminis
1125 2128 1219 2194 supe·

115 2192 217 2268 ravit,
232 2194 404 2282 pontisque
418 2194 527 2270 ambo,
542 2217 625 2281 qnos
637 2193 677 2258 Ο.
693 2193 813 2276 Fabius
825 2193 960 2269 fecerat,
976 2215 1041 2258 uno
1056 2192 1108 2257 die
1121 2191 1222 2258 inter-

115 2278 221 2366 rupit.
252 2281 335 2356 Qus
346 2303 396 2347 res
406 2303 540 2369 magnas
552 2280 757 2346 difficultates
771 2281 929 2347 exercitui
944 2279 1076 2348 Oaesaris
1089 2277 1222 2346 adtulit.

118 2366 345 2443 (instruarius,
361 2379 401 2433 ut
413 2391 514 2455 supra
527 2368 781 2435 demonstratum
806 2382 865 2443 est,
890 2391 993 2456 quum
1013 2378 1116 2432 essent
1136 2365 1223 2432 inter

117 2452 253 2518 flumina
273 2452 351 2529 duo,
376 2455 517 2546 Sicorim
533 2466 567 2519 et
589 2453 739 2542 Cingam,
759 2455 865 2542 spatio
880 2455 1005 2520 milium
1020 2453 1125 2528 XXX,
1146 2475 1223 2517 neu·
1270 2491 1273 2502 ι

117 2552 208 2606 trum
227 2539 344 2606 horum
358 2542 488 2607 transiri
554 2553 652 2616 terat,
668 2539 908 2628 necessarioque
924 2563 1032 2606 omnes
1046 2539 1093 2604 his
1107 2561 1224 2626 angus-
1311 2596 1318 2603 .

117 2625 173 2692 riis
196 2627 456 2695 continebuntur.
502 2670 516 2692 -.
537 2649 619 2715 eque
642 2626 809 2702 civitates,
829 2651 903 2715 quus
920 2625 962 2692 ad
988 2625 1123 2691 Caesarie
1147 2625 1226 2690 ami·

119 2713 230 2780 citiam
257 2729 466 2791 acoemernnt,
495 2715 695 2780 lrumenturn
721 2714 938 2804 subportere;
978 2735 1017 2777 ne
1042 2735 1083 2776 ue
1109 2710 1144 2786 ii,
1169 2715 1227 2797 qui

121 2801 318 2890 pabulatum
348 2801 485 2891 longius.
504 2799 665 2892 progressi
694 2809 800 2925 egent,
830 2797 998 2868 interclusi
1019 2737 1228 2874 inminibus,

120 3073 164 3134 qui
178 3050 416 3136 prtnsr‘tsrtoras
429 3072 518 3134 faerit,
535 3077 564 3118 ut
585 3067 649 3118 nlibi
734 3070 881 3134 Proefsrtnr.
915 3032 1234 3131 Αιιιιειιιιιι,ιιιτίιῃιιηηιιιι

121 3135 489 3200 remunerantem
501 3135 649 3184 Proeturarn.
699 3131 1153 3197 selerebaurnsscopinicnemtm.
1268 3161 1273 3182 .

123 3195 223 3249 Manut.
239 3199 264 3248 in
274 3197 363 3259 Quaen.
380 3216 424 3264 per
441 3199 516 3264 epist.
535 3203 559 3258 9,
571 3204 594 3250 8.
606 3213 650 3247 cx·
737 3201 802 3248 Tam
823 3199 876 3248 din.
909 3197 952 3247 Sic
970 3199 1047 3247 codd.
1069 3196 1140 3256 boui,
1157 3195 1228 3246 bono
1313 3249 1322 3262 ἱ

122 3263 201 3328 plicat
210 3263 289 3315 etiam
301 3267 614 3330 pernicissimarum,
623 3261 648 3312 in
699 3279 783 3313 sensu.
818 3263 904 3322 Vulgo
914 3272 1007 3312 tomen.

120 3343 197 3445 pipern
218 3330 306 3378 locum
326 3343 343 3380 a
367 3329 469 3380 decimu
498 3328 649 3394 pervenerit.
735 3331 811 3380 Nicer
820 3327 979 3392 prulnlt'scil.
990 3337 1133 3392 tempestas.
1160 3326 1230 3389 Ergo

144 3395 193 3460 ‘pn
208 3393 242 3444 de
258 3394 332 3444 milit.
348 3395 427 3446 Rom.
443 3401 468 3456 2,
484 3398 508 3444 8.
523 3393 649 3459 scripturn
699 3403 836 3458 ternpestas
854 3393 924 3453 lecit,
942 3402 970 3442 ut
988 3393 1060 3441 nives
1077 3391 1229 3442 diffluerent.

122 3459 347 3509 eoeenuturnnt'l
364 3465 444 3524 fimi
465 3457 649 3520 hadaline.
699 3458 795 3522 Vulgo,
818 3459 996 3524 momufluit.
1025 3458 1063 3507 Μ.
1109 3455 1160 3506 Alii
1181 3459 1231 3504 nie

125 3527 294 3588 cessarione
309 3526 336 3574 t..
353 3527 397 3574 sed
413 3533 517 3575 ancta
532 3521 650 3574 Centuri-
745 3528 801 3575 lnit.
843 3523 924 3574 Codd.
955 3522 1031 3572 Voss.
1049 3525 1119 3572 scion
1138 3523 1233 3586 potuit

123 3591 188 3650 ouis,
198 3589 327 3654 hpidibus
336 3589 404 3648 trita,
415 3589 441 3640 iu
451 3590 527 3640 codd.
543 3605 595 3640 non
606 3603 649 3637 oc·
734 3605 774 3638 ne.

122 3655 209 3704 currit.
244 3655 367 3719 iuterpres
385 3653 551 3706 &manicas
572 3652 652 3704 Vien‘·
736 3657 869 3718 Pontianus
889 3653 973 3706 undu.
1014 3652 1055 3702 Sic
1078 3653 1137 3701 cod.
1156 3646 1230 3701 leid.
1324 3697 1327 3708 ,

122 3721 205 3769 musis
215 3735 241 3769 s.
257 3722 328 3770 1⁷94.
345 3716 486 3783 suspicetur
496 3719 650 3773 subaudien·
702 3718 787 3780 Vulgo
796 3728 929 3783 portuque
938 3718 1032 3770 umbos.

122 3785 182 3834 dnm
203 3799 262 3836 esre
282 3802 314 3834 ex
332 3789 415 3850 primo
437 3788 534 3837 nuncto
553 3789 652 3850 prim
739 3788 857 3860 Utrupro
866 3785 1119 3834 demonnrutrunest.
1152 3779 1231 3829 Vide-

120 3853 243 3915 Μ·
701 3858 741 3900 tur
750 3863 875 3912 respicere
886 3863 910 3897 c.
924 3851 955 3898 ⁴⁰
964 3857 990 3897 et
999 3851 1041 3908 tl,
1059 3848 1105 3897 ubi
1117 3847 1166 3895 ltoc
1178 3847 1233 3894 lere

157 3915 191 3964 Ire
205 3930 264 3964 nrm
280 3915 369 3964 mass.
386 3914 411 3966 in
426 3931 511 3980 quem,
526 3930 559 3966 an
573 3917 653 3980 prima·
703 3915 779 3976 dixit3
806 3913 849 3963 red
871 3913 912 3962 hic
935 3912 998 3977 ipsis
1019 3912 1111 3973 verbis,
1132 3921 1159 3963 et
1179 3911 1229 3961 hoc

124 3981 233 4030 tucri?
247 3983 474 4046 prrsum-mn?
493 3984 572 4045 prs'sst
585 3983 652 4044 pili?
703 3977 990 4046 praesumentem

124 4044 190 4122 Xan
201 4043 372 4118 obscurabuo
380 4055 446 4100 suut.
456 4061 503 4102 uec
515 4045 582 4114 ΟιιςΙ.
590 4059 653 4098 cou-

121 4119 219 4176 recture
229 4111 331 4166 mulsit.
1042 4177 1067 4230 U
