2909 4809
172 336 176 342 .
234 257 302 354 sis
557 274 621 342 nu
645 259 797 342 sunno
821 273 979 342 c1vm1.

235 459 348 529 tullum
361 456 619 539 Massiliensium,
639 463 681 529 ad
698 459 863 530 Nasidium
930 461 1092 538 nvenitltit,
1108 461 1216 613 ibique
1230 469 1327 529 navas

233 547 421 640 expediunt,
434 569 608 636 rursusque
622 573 656 614 se
667 549 874 638 adconlligen
900 559 952 616 um
970 549 1076 616 animo
1090 567 1150 616 con
1174 559 1329 618 rr'uuutet

235 635 365 701 cunulis
390 636 633 702 communicant.
696 637 820 703 Dextra
849 659 921 725 pars
954 636 1201 702 Massiliensibus
1227 637 1329 703 adtri-

234 721 360 810 buitur,
373 721 498 788 sinistra
514 721 658 789 Nasidio.

278 807 310 871 5.
335 807 459 875 Εοᾶοιη
475 808 596 874 Brutus
605 806 786 883 contendit,
801 819 897 873 aucto
912 809 1041 873 navium
1054 829 1196 876 numero.
1237 808 1325 876 Nam

151 961 155 974 ,
237 894 279 963 ad
294 917 360 971 eas,
375 919 448 984 qua
465 895 559 976 facta
577 907 668 962 erunt
683 895 815 960 Arelate
830 895 1069 984 percussurum,
1084 897 1222 984 captivae
1238 897 1327 962 Mas-

238 981 407 1048 siliensium
422 994 618 1047 accesserant
632 1003 698 1047 sex.
725 981 794 1046 llas
809 982 1029 1070 superioribus
1040 982 1200 1048 refecerat
1209 982 1327 1048 diebus

236 1075 337 1158 alque
351 1069 498 1132 omnibus
525 1069 623 1134 rebus
648 1069 852 1133 instruxerat.
900 1068 1014 1154 ltaque
1036 1092 1107 1134 suos
1128 1069 1326 1146 cohortatus,

236 1179 317 1246 qnos
331 1156 473 1242 integros
495 1155 740 1243 superavissent,
764 1167 801 1219 ut
821 1155 922 1220 victos
937 1169 1188 1233 contemnerent,
1234 1155 1326 1222 lenus

235 1243 305 1332 spei
327 1241 418 1308 bonae
440 1254 541 1329 atque
564 1243 659 1307 animi
681 1240 835 1307 adversus
861 1265 915 1307 eos
944 1241 1170 1329 proficiscitur·
1212 1179 1327 1308 l'aeile

235 1339 318 1404 erat,
333 1351 373 1392 ex
386 1330 498 1402 castus
514 1328 553 1392 0.
570 1329 723 1394 Trebouii
739 1339 839 1415 atque
852 1327 998 1394 omnibus
1013 1327 1235 1418 supet-ionibus
1249 1329 1329 1396 lusis

235 1414 421 1505 prospicere
442 1414 475 1480 in
496 1416 623 1491 urbem,
645 1428 685 1479 ut
699 1415 799 1482 omnis
812 1416 975 1503 juventus,
995 1436 1069 1502 qnoe
1084 1417 1115 1480 in
1135 1415 1257 1505 oppidu
1276 1439 1327 1482 re·

236 1513 407 1576 uuuserat,
435 1522 606 1588 omnesque
627 1502 800 1591 superioris
826 1504 940 1578 utatis,
974 1523 1048 1567 cum
1081 1502 1191 1567 liberis
1225 1512 1327 1590 utque

236 1588 389 1655 uxoribus
403 1588 607 1677 publicisque
621 1589 788 1664 custodiis,
802 1600 860 1655 aut
872 1611 912 1654 ex
924 1611 1018 1654 muro
1031 1587 1073 1652 ad
1085 1589 1202 1656 coelum
1214 1603 1328 1656 manus

170 1684 174 1694 “
237 1673 419 1750 tenderent,
440 1686 500 1740 ant
515 1676 637 1764 templa
659 1676 804 1741 Deorum
819 1675 1037 1742 inmortalium
1051 1675 1328 1752 adiumentum

234 1761 404 1829 simulacra
426 1762 577 1851 projecti,
607 1762 775 1828 victoriam
797 1763 841 1828 ab
865 1763 935 1829 Diis
962 1773 1190 1866 exposuerentt
1223 1783 1329 1850 neque

235 1861 307 1917 erat
327 1849 499 1939 quisquam
521 1846 674 1924 omnium,
700 1851 780 1937 quin
803 1847 834 1914 in
858 1852 926 1936 ejus
948 1847 1013 1916 dier
1027 1873 1100 1913 casu
1115 1868 1246 1916 suarum
1261 1861 1328 1914 ons·

235 1937 322 2004 nium
350 1938 556 2002 fortunarum
575 1946 728 2001 eventum
748 1938 917 2002 consistere
932 1937 1140 2002 existimaret.
1188 1936 1273 2002 Nam
1294 1945 1329 2002 et

235 2023 358 2112 honesti
371 2047 412 2088 ex
423 2024 608 2130 juventute,
624 2032 658 2088 et
672 2024 829 2127 cujusque
843 2025 945 2090 atatis
966 2023 1163 2112 amplissimi,
1185 2025 1327 2090 nomina·

234 2112 294 2176 tius
308 2123 434 2181 evocatu
446 2117 544 2200 atque
559 2111 730 2186 bbsecratr,
747 2132 843 2176 naves
855 2110 1125 2182 conscenderantr
1141 2120 1191 2186 ut,
1205 2110 1231 2175 si
1246 2110 1327 2200 quid

235 2195 363 2266 adversi
389 2196 566 2271 accidisset,
594 2219 634 2262 ne
660 2198 700 2262 ad
726 2197 906 2264 conandum
927 2196 1059 2285 quidem
1074 2197 1134 2262 sibi
1150 2196 1327 2302 quidquam

235 2283 351 2371 reliqtil
365 2282 436 2348 fors
446 2282 594 2347 viderent
608 2305 616 2358 3
638 2284 664 2348 si
678 2285 925 2370 superavissent,
938 2284 990 2350 vel
1005 2282 1186 2349 dutnesticrs
1199 2284 1328 2370 opibus,

236 2369 288 2434 rel
302 2369 440 2434 externis
455 2368 593 2443 auxiliis,
605 2369 647 2433 de
659 2371 765 2436 sainte
780 2369 870 2436 urbis
885 2369 1094 2436 confiderent.

278 2456 311 2520 o.
334 2455 511 2522 Commisso
530 2456 659 2543 proelio,
677 2457 926 2522 Massiliensibus
941 2480 991 2522 res
1006 2455 1096 2521 nulla
1116 2454 1158 2523 ad
1172 2456 1328 2524 virtutem

235 2542 360 2609 tl'siuitt
383 2543 440 2608 sed
464 2564 619 2608 memores
644 2564 755 2607 eorum
770 2555 1018 2632 praceptorum,
1044 2556 1116 2629 qua
1174 2542 1329 2610 ulloants

235 2631 278 2700 ab
288 2629 353 2699 stris
367 2637 570 2717 acceperant,
585 2626 645 2694 huc
660 2631 765 2695 animo
779 2629 1000 2705 decertabant,
1029 2641 1067 2693 ut
1093 2651 1136 2693 nu
1164 2647 1218 2694 unt
1237 2629 1328 2696 aliud

237 2714 601 2807 tempusadconandum
611 2715 753 2781 habituri
764 2716 963 2792 viderentur,
978 2729 1023 2793 et,
1036 2715 1157 2804 quibus
1169 2716 1201 2782 in
1219 2738 1329 2807 pugna
1393 2797 1398 2802 ι

236 2805 311 2870 vita
342 2801 524 2894 periculum
550 2801 723 2879 accideret,
761 2825 823 2869 non
854 2806 900 2867 ita
928 2803 1032 2868 multu
1064 2827 1097 2868 se
1128 2800 1328 2891 reliquorum

235 2890 354 2956 civium
375 2889 479 2954 fatum
499 2889 687 2954 antecedere
708 2890 938 2965 existimarent,
985 2890 1093 2966 uibus,
1117 2889 1199 2954 urbe
1219 2899 1328 2978 capta.

132 3012 138 3020 ·
235 2976 346 3044 eadem
373 2987 456 3040 esset
488 2973 567 3040 belli
595 2977 726 3042 fortuna
777 2975 916 3043 atienda.
1005 2975 1186 3064 iductisque
1214 2977 1331 3044 nostris

236 3062 405 3157 paullatim
433 3061 580 3138 navibus,
623 3071 659 3128 et
673 3104 676 3110 ·
690 3001 826 3130 artiicio
908 3064 1118 3129 bernatorum
1155 3062 1328 3130 mobilitati

237 3150 367 3219 navium
387 3149 477 3215 locus
496 3147 636 3216 dabatur
660 3161 706 3226 et,
725 3150 752 3216 si
767 3173 852 3237 quan
877 3174 897 3216 o
918 3149 1019 3216 nostri
1035 3147 1221 3214 facultatem
1243 3149 1329 3216 nacti

129 3251 133 3254 ’
236 3239 349 3305 ferreis
372 3235 520 3302 manibus
546 3235 671 3324 injectis
698 3259 811 3302 navem
839 3236 1067 3327 religaverunt,
1095 3233 1237 3321 undique
1264 3237 1330 3303 suis

155 3953 164 3964 ‘
238 3939 344 4000 Meam.
355 3951 376 3996 Ι.
388 3947 624 4008 stammfreuun.
644 3949 703 4010 Apu

237 3427 315 3476 tinum
344 3422 511 3477 Teloueuseru
538 3423 583 3476 ubi
610 3440 679 3476 uunc
705 3424 760 3476 bini
811 3436 862 3491 put.
896 3423 1173 3476 ltaetCic.adDiv.l
1202 3425 1328 3475 tuaes-

237 3499 327 3558 portus
335 3494 359 3541 ls
369 3493 430 3540 ὸτω
440 3492 472 3542 tle
484 3494 511 3542 8.
523 3494 617 3556 Gaurus
626 3499 653 3542 et
662 3492 761 3542 tuus·
806 3495 943 3556 primatum,
957 3495 979 3540 ει·
990 3492 1101 3540 Μίνω.
1122 3487 1163 3538 Gi.
1170 3457 1264 3562 llumt.
1278 3485 1330 3562 Ep.

236 3564 285 3609 αα.
322 3557 498 3620 Μωάὺιρίω
515 3557 559 3617 (ed
577 3555 696 3610 Antonin
718 3556 760 3608 iti·
813 3560 872 3618 Μ,
884 3560 907 3606 6.
919 3557 959 3605 ed.
971 3552 1087 3606 Bentleii.
1106 3550 1329 3604 esruussdt‘nu.

235 3637 316 3674 m·
326 3621 433 3686 Ρ·ω6)ο
450 3623 488 3672 Μ·
624 3670 627 3674 ,
809 3638 851 3685 ΕΡ·
867 3625 889 3680 l,
901 3625 926 3669 3.
936 3629 962 3668 eir
971 3621 1003 3668 fid
1015 3619 1113 3670 &llusb
1132 3617 1188 3667 cii·
1201 3623 1233 3666 52
1249 3624 1276 3665 et
1287 3620 1328 3668 5⁸·

271 3690 358 3738 Fau
372 3695 455 3738 munt.
478 3685 515 3738 sic
533 3685 610 3736 codd.
639 3683 691 3737 alii
701 3685 760 3750 fise·
809 3686 869 3750 lug.
883 3690 921 3736 10.
934 3682 1241 3742 ostentantium.

223 3761 307 3804 erunt.
844 3753 976 3803 Coranum
1047 3746 1329 3810 ‘strumensem-

272 3819 381 3870 Antea.
400 3817 529 3877 ct.1‚au
546 3815 584 3866 Μ.
809 3815 916 3866 mittitur
926 3831 980 3880 proe
993 3815 1053 3864 ium.
1076 3813 1113 3862 M.

273 3886 468 3946 murata,
478 3891 602 3932 senectus.
626 3882 665 3931 Μ.
683 3881 760 3998 Apul.
807 3949 822 3995 d
843 3885 1037 3995 Przoep‘ml'
1057 3879 1118 3992 quut
1129 3877 1330 3930 adhortationes.
1402 3897 1404 3904 ·

714 3961 762 3996 .c.
824 3963 891 4010 equs
912 3961 1006 4008 uscap.
1034 3980 1041 3992 .
1095 3981 1100 3994 .

238 4013 632 4074 s.mjorsaaetsuadixsre.·
843 4013 1014 4074 vinaceisque.
1044 4007 1085 4060 Sic
1100 4007 1329 4060 Oudeud.ecedd.

273 4080 411 4128 uatem
432 4075 473 4125 Sic
484 4085 510 4126 et
520 4095 544 4126 c.
557 4080 594 4127 14.
808 4085 834 4124 et
845 4079 902 4126 eod.
914 4083 963 4124 ret.
977 4073 1059 4137 Volgo
1068 4075 1232 4148 mundisque.
1408 4121 1409 4128 ἶ

274 4143 387 4200 Honesti,
396 4141 587 4192 nobilitanus
595 4139 654 4192 orti.
676 4140 715 4189 Μ.
842 4139 1105 4192 assecuturum.
1118 4137 1171 4188 lud.
1182 4139 1328 4204 ruburpuqo

274 4210 302 4257 ἦ
320 4209 510 4269 amulum.
544 4205 628 4256 Duris.
645 4203 758 4254 mmcbst
805 4215 942 4258 etmumts·
961 4205 998 4255 M.

237 4275 286 4332 sia,
301 4271 345 4320 aed
362 4277 481 4320 uoueret
492 4270 554 4320 alibi
566 4271 622 4319 cisi
634 4269 670 4318 sic
686 4285 757 4318 usur·
847 4269 852 4277 “
990 4285 993 4292 ·
