2909 4809
457 195 546 295 ιιι.
568 220 614 294 ιι.
660 175 764 296 (ιιι.
786 223 821 304 9,
845 191 896 294 10'.
1154 167 1227 295 an

131 419 161 454 ‘⁴
173 409 361 489 effecerunt,
381 424 420 479 ut
432 427 525 491 esset,
543 416 600 482 ubi
616 416 791 504 tegimenta
806 411 1014 506 praependere
1029 424 1157 504 possent
1178 411 1221 482 nd
1268 476 1271 486 ,

132 507 159 541 ⁴⁴
173 497 393 567 defendendos
406 502 488 568 ictus
500 526 537 569 ac
550 501 764 593 repellendos,
779 525 879 589 quum
902 503 985 567 iuter
1010 524 1079 566 enm
1098 501 1223 592 contig-

133 588 337 654 “nationem
392 587 760 676 rietesexstruerentur:
783 610 918 675 eamque
929 587 1222 659 contabulationem

135 681 329 755 “summam
380 676 503 741 teribus
529 677 664 765 lutoque
690 685 947 752 constraverunt,
976 699 1016 740 ne
1039 673 1119 762 quid
1142 677 1223 768 iguis

134 759 312 828 “hostium
324 785 440 828 nocere
454 775 580 850 posset:
603 775 817 864 centonesque
830 762 961 853 insuper
975 761 1161 851 injecerunt,
1183 787 1225 830 ne

134 857 159 888 ‘⁴
175 862 233 915 aut
247 849 312 914 tela
332 849 498 914 tormentis
522 850 614 915 missa
636 849 867 914 tabulationem
892 847 1141 938 perir-ingerent,
1165 862 1225 916 aut

135 941 160 974 ‘⁴
175 957 250 1002 saxa
264 959 303 1000 ex
319 935 491 1025 catapultis
511 934 687 1003 lateritium
713 935 921 1002 discuterent.
967 935 1090 1001 Storias
1114 947 1224 1001 autem

135 1031 218 1088 “ex
258 1021 388 1089 funibus
422 1023 593 1091 ancorariis
625 1033 702 1099 tres,
736 1022 769 1088 in
798 1021 1027 1112 longitudinem
1047 1023 1224 1124 parietum

137 1118 162 1150 ‘⁴
177 1109 289 1187 turris,
305 1108 387 1174 latas
424 1122 544 1176 uatuor
561 1107 659 1199 pedes
674 1110 831 1184 fecerunt,
847 1132 898 1176 ees
923 1133 962 1174 ue
978 1132 1018 1173 ex
1032 1107 1136 1174 tribus
1150 1133 1224 1199 per·

136 1195 276 1276 “tibus,
292 1217 365 1285 quse
378 1134 423 1262 ai
435 1194 540 1261 hostes
554 1196 742 1285 vergebant,
763 1134 976 1262 eminentibus
997 1194 1144 1262 trabibus
1162 1195 1224 1262 cir·

136 1292 161 1323 ⁴⁴
177 1305 251 1348 cum
263 1282 380 1348 turrim
389 1282 638 1434 Fraegendentes
651 1282 870 1370 religaverunt
883 1305 891 1346 :
908 1282 998 1375 quod
1009 1304 1110 1349 unum
1122 1307 1226 1371 genus
1330 1353 1334 1364 ,

137 1373 161 1406 “
174 1369 343 1458 tegimenti
369 1392 389 1433 a
402 1369 439 1435 ris
480 1368 546 1434 ocis
570 1382 664 1435 erant
684 1369 813 1458 experti
839 1368 929 1434 nullo
951 1368 1017 1434 telo
1038 1392 1142 1458 neque
1157 1382 1224 1438 tor-

137 1464 163 1496 ⁴⁴
178 1469 288 1522 mento
301 1456 443 1544 transjici
465 1477 565 1544 pooee.
613 1455 681 1521 Ubi
695 1477 772 1520 vero
787 1478 825 1520 ea
840 1479 914 1544 pars
937 1455 1047 1532 turris,
1086 1480 1135 1522 uae
1154 1469 1226 1524 eret

138 1551 162 1582 ‘⁴
177 1543 335 1630 perfecta,
354 1554 441 1608 tecte
462 1554 562 1630 atque
584 1542 708 1607 munita
733 1553 782 1606 est
804 1542 848 1609 ab
873 1541 957 1608 omni
981 1541 1048 1607 ictu
1062 1478 1225 1620 (bostium,

138 1629 308 1730 “pluteos
332 1627 375 1694 ad
395 1628 491 1694 aliao
517 1651 573 1694 era
592 1628 820 1704 abduxerunt:
843 1627 943 1693 turris
963 1639 1086 1693 tectum
1110 1653 1170 1716 per
1190 1655 1224 1695 se

139 1727 162 1757 ‘⁴
179 1739 285 1805 ipsum
300 1653 562 1805 prehensiomlrus
585 1738 625 1779 ex
650 1712 888 1802 contignatione
910 1713 1013 1802 prima
1032 1713 1226 1865 eusgendere

139 1813 163 1846 ⁴‘
178 1827 215 1868 ac
242 1802 357 1869 tollere
383 1815 571 1891 coeperunt:
609 1801 678 1878 ubi,
704 1812 860 1888 quantum
883 1799 1055 1866 storiarum
1102 1803 1227 1870 emissio

138 1895 163 1931 ‘⁴
178 1890 376 1979 patiebatur,
414 1900 540 1954 tantum
575 1887 755 1953 elevabunt.
823 1885 914 1952 Intra
948 1886 1015 1951 haee
1051 1888 1227 1976 tegimenta

140 1987 164 2018 ⁴‘
179 1975 285 2043 abditi
299 1989 399 2065 atque
414 1975 530 2041 muniti
544 1975 684 2064 parietes
697 1973 853 2038 lateribus
868 1973 1087 2050 exstruebant,
1103 1997 1226 2044 rursus·

140 2075 164 2106 ⁴‘
180 2087 246 2152 que
260 2063 324 2130 alia
369 2060 562 2138 rehensione,
577 2061 619 2127 ad
633 2058 857 2126 edificandum
878 2058 938 2125 sibi
953 2059 1060 2126 locum
1076 2083 1115 2125 ex
1141 2061 1226 2140 edie-

139 2163 163 2193 “
180 2151 271 2216 baut.
317 2087 385 2216 Ubi
414 2163 541 2251 tempus
576 2147 709 2213 alterius
742 2147 1009 2213 contabulationis
1043 2147 1113 2213 vide
1158 2162 1227 2226 tur,

141 2250 164 2280 ⁴⁴
181 2237 272 2325 tigna
287 2235 375 2310 item,
391 2248 429 2300 ut
442 2257 559 2324 primo,
580 2247 667 2300 tecte
679 2234 832 2300 extremis
843 2233 997 2299 lateribus
1009 2233 1226 2312 instruebant,

138 2336 163 2368 ‘⁴
179 2345 286 2412 exque
299 2345 338 2390 ea
355 2322 594 2409 contignatione
619 2344 731 2387 rursus
751 2343 906 2386 summam
933 2321 1227 2390 contabulationem

138 2409 357 2498 “storiasque
384 2409 566 2475 elevabant.
616 2407 669 2473 lta
692 2419 765 2474 tuto
788 2431 825 2474 ac
852 2407 918 2474 sine
943 2407 1011 2474 ullo
1034 2408 1169 2478 vulnere
1189 2433 1229 2476 ao

140 2495 328 2598 “periculo
340 2519 396 2561 sex
411 2494 561 2563 tabulata
584 2504 826 2570 exstruxerunt,
852 2493 1082 2582 fenestrasque,
1107 2497 1230 2583 quibus

141 2597 166 2628 ‘⁴
180 2605 215 2650 m
229 2582 308 2648 iocis
317 2582 424 2648 'visum
439 2593 500 2657 est,
521 2580 563 2646 ad
583 2592 746 2647 tormenta
758 2581 915 2646 mittenda
934 2581 967 2646 in
985 2581 1139 2648 struendo
1154 2582 1228 2650 reli·

142 2681 167 2713 “
183 2671 359 2821 gomont?

207 2757 241 2823 0.
266 2757 334 2824 Ubi
355 2780 396 2822 ex
418 2777 457 2820 ea
480 2753 577 2830 turri,
600 2777 674 2842 quse
694 2753 817 2818 circum
842 2765 957 2828 essent,
981 2774 1081 2840 opera
1096 2751 1180 2818 tueri
1196 2775 1231 2818 se
1347 2745 1351 2752 ’

141 2865 233 2936 posse
246 2841 355 2910 confisi
365 2854 460 2918 sunt;
481 2834 662 2906 riiusculum
678 2839 798 2928 pedum
814 2837 873 2904 LX
886 2838 1031 2930 longum,
1044 2861 1085 2906 ex
1092 2839 1231 2910 materia

181 3034 335 3099 reqrnesra,
345 3047 370 3082 r.
381 3046 405 3080 c.
416 3029 514 3092 cilicis,
529 3029 606 3080 coria.
625 3031 664 3080 Μ.
712 3030 745 3079 sd
757 3029 870 3089 tollentis
885 3036 912 3077 et
930 3029 1052 3078 eievsnds
1062 3043 1148 3089 ouem,
1166 3029 1231 3090 sire,

179 3102 384 3154 Quaenam
396 3095 583 3160 Meliusrulgo,
594 3095 665 3145 desa.
713 3103 742 3142 ut
760 3095 851 3144 Vossio
871 3096 904 3143 sd
921 3092 948 3141 b.
961 3094 979 3142 l.
996 3103 1022 3143 et
1038 3095 1110 3143 Leto
1124 3092 1149 3142 iu
1165 3095 1230 3146 Lex.

143 3164 183 3216 ΙΙ.
716 3158 862 3208 Vitruv'uno
883 3159 990 3219 videtur,
1010 3159 1231 3223 hypomochlion.

181 3224 665 3293 monssoeatiieviliunqoobn·
714 3225 753 3274 Μ.

144 3309 203 3346 nus
220 3293 372 3343 insternitur.
391 3293 543 3342 nomm.
555 3292 664 3342 Decies.
749 3291 942 3344 anmmstor.
952 3285 1020 3338 dem.
1028 3289 1122 3351 psum.
1138 3295 1232 3353 quent·

146 3359 187 3410 Ι.
203 3358 367 3408 (inimcos.
389 3357 485 3406 v.1sn.
713 3363 768 3403 eret
785 3354 917 3403 storiarum
934 3353 1153 3431 propendendum
1177 3355 1250 3404 lon·-

181 3423 437 3488 Quaeram
459 3419 665 3485 ond-malitque,
710 3417 800 3485 gitndo
819 3420 851 3466 sd
870 3419 987 3468 hommes
1002 3417 1065 3467 iuter
1077 3421 1232 3483 operandum

147 3485 436 3548 etiamofficium.
711 3485 888 3547 protegendos.
906 3485 1027 3534 aarum.

182 3555 368 3618 Perses'psuss.
389 3554 446 3603 Por·
460 3565 499 3599 ees
512 3558 574 3600 note
590 3544 666 3598 cesar
747 3551 918 3598 Promisisse·
949 3547 1000 3597 Hie
1018 3547 1231 3600 consentiunteo-

144 3630 254 3682 narnus
268 3614 484 3680 smulqsts'ooqtse,
502 3630 550 3678 quse
565 3617 600 3663 les
615 3629 667 3661 ses·
712 3613 792 3673 dices,
817 3611 865 3662 nisi
885 3613 953 3677 quod
973 3615 1104 3676 pandone
1129 3611 1232 3674 habent,

145 3691 206 3733 som
216 3681 292 3747 qst‘ota
299 3683 431 3746 molseon
442 3693 510 3744 poss·
527 3676 666 3729 rausum
712 3693 776 3728 uuus
786 3677 864 3727 etism
875 3687 996 3742 corrupte
1004 3680 1128 3741 pensione.
1142 3679 1181 3728 M.

146 3744 666 3812 dsbpldesomtmitdoasloyiote·
750 3743 1027 3794 ibmentssrsitm.
1052 3741 1104 3792 vid.
1127 3742 1181 3792 lud.
1204 3741 1232 3793 in

140 3811 226 3876 lom
242 3810 323 3862 alass
338 3813 362 3861 οι
380 3810 445 3859 nm
470 3823 517 3857 soa
536 3806 665 3872 ἐφιέὶίὺη.
711 3816 871 3858 tomntssra.
905 3805 1232 3859 neomninostoooeouc.

148 3876 357 3927 Gnischurdus'i'.
369 3876 394 3922 4,
403 3888 461 3937 pag.
475 3876 529 3921 118.
712 3871 824 3922 'lirmebi
835 3873 939 3924 Advers.
953 3876 990 3929 Η,
1000 3874 1043 3922 2⁴.
1060 3873 1098 3920 Μ.
1115 3872 1231 3950 brtellige

182 3937 665 4004 Pnsmeo‚gesusmschios,quopes
711 3937 818 4002 grandia
843 3937 951 3988 missilia
973 3953 988 3985 e
1016 3943 1144 3987 tormentis
1170 3949 1231 3989 mrt-

147 4007 252 4057 nodnm
273 4005 398 4069 coqblesr·
413 4012 507 4054 tectum
526 4003 569 4050 vei
584 4002 665 4065 tigna·
712 4003 794 4052 wudu.

147 4069 231 4120 tiones
258 4071 423 4120 subleventur
448 4077 474 4118 et
504 4067 666 4118 adtolluntur.
747 4067 994 4132 Psdsss.leg.cum
1009 4065 1070 4116 aliis
1085 4068 1169 4133 pedes.
1190 4070 1231 4122 Μ.

150 4137 241 4186 csuar.
257 4132 485 4186 educemus:
495 4146 554 4181 nsm
564 4139 591 4180 et
643 4147 667 4181 r·
713 4131 816 4197 Lipsius
832 4135 947 4182 emendet
960 4133 1053 4196 psam
1066 4132 1117 4184 111.
1135 4133 1191 4185 Pol.
1205 4137 1229 4198 i,

146 4203 256 4252 α’ωιῶω
265 4138 665 4264 mheneqssssrtpsssetltls-
715 4201 739 4248 9.
762 4196 1036 4248 Rectiussicomnino.

146 4263 191 4322 vio
199 4268 269 4330 tut.
277 4262 578 4320 memmonicos
586 4261 665 4317 inisse
746 4263 857 4317 nuens
865 4261 1144 4331 bimtignsblpedslia·
1161 4263 1199 4318 Μ,
