2909 4809
493 271 798 372 senonensi.
1126 301 1189 369 593

20 510 21 514 ¹
103 485 149 552 de
181 485 287 559 Bruto,
308 500 435 554 nostro:
458 489 498 554 de
526 511 592 578 quo
632 468 746 556 ‘uidem
769 489 835 564 ille,
862 486 903 553 sd
932 509 1029 576 quem
1053 485 1183 564 diverti,

106 573 265 638 Caesurem
276 574 403 640 solitum
414 576 537 642 dicere:
563 587 585 618 ‘⁴
602 515 715 666 lingui
726 578 836 652 refert,
851 573 902 639 hic
913 571 992 661 quid
1006 573 1103 648 velit;
1124 573 1181 639 sed

106 659 304 746 “quidquid
333 661 415 737 volt,
445 661 537 728 valde
562 662 664 727 volt.''
692 661 788 748 idque
818 685 890 725 eum
918 659 1197 738 animadvertisse,-

20 780 21 785 κ
102 766 208 830 quum
235 761 295 832 pro
320 747 476 812 Deiotaro
496 748 606 814 Nioese
630 745 760 825 dixerit,
785 745 879 813 valde
894 745 1092 812 vehementer
1107 769 1179 812 eum

102 830 208 895 visum
233 844 267 897 et
280 832 381 900 libere
394 831 616 900 dicere-Cic.
632 833 788 900 odelttt'c.
807 833 859 910 14,
876 833 905 900 1.
1195 857 1197 862 ·

20 1011 22 1017 ’
148 1008 294 1076 Proxime
308 1036 408 1101 quum
432 1013 529 1079 Sestii
541 1028 657 1102 rogatu
676 1014 764 1103 apud
783 1035 856 1080 eum
878 1010 1006 1080 fuissem
1022 1021 1191 1102 exspecta-1

19 1099 22 1136 ἵ
100 1119 236 1198 remque
249 1097 371 1176 sedens,
384 1100 491 1188 quoad
505 1117 647 1178 vocarer,
661 1101 775 1166 dixisse
790 1121 882 1165 eume
905 1110 928 1141 ‘⁶
943 1100 1016 1188 Ego
1025 1097 1183 1176 dubitem,

102 1191 129 1222 “
146 1205 222 1268 qurn
236 1208 358 1250 summo
372 1187 404 1251 in
419 1185 491 1253 odio
504 1187 575 1263 sim,
594 1209 694 1276 quum
717 1187 769 1253 M.
792 1187 905 1252 Cicero
919 1186 1037 1263 sedeat,
1052 1208 1110 1250 nec
1123 1207 1182 1251 suo

101 1271 310 1337 “commodo
331 1296 383 1338 me
408 1273 576 1339 convenire
599 1273 720 1362 possit?
764 1271 881 1362 Atqui,
894 1272 920 1336 si
941 1272 1011 1424 quie
1035 1293 1109 1338 uem
1135 1280 1184 1338 est

20 1366 22 1388 ¹
102 1365 127 1396 ‘⁶
143 1355 254 1433 facilis,
268 1357 320 1423 h'm
335 1371 394 1425 est.
409 1371 515 1426 tumen
527 1381 591 1426 non
602 1360 730 1440 dubito,
752 1359 830 1448 quin
842 1382 893 1426 me
906 1381 987 1428 mee
1044 1356 1182 1424 erit.”-

100 1440 169 1509 02⁶0.
184 1441 314 1510 ibidem.

148 1617 278 1694 Aiebst,
291 1619 446 1687 Oaessrem
456 1641 573 1697 secum
585 1642 652 1706 quo
660 1632 849 1772 ΜΕΝ.
884 1716 907 1745 “

100 1725 201 1856 sm
212 1728 394 1888 suffr
426 1707 767 1882 esrum
788 1705 1183 1880 immores

101 1886 126 1916 ‘⁸
142 1899 208 1944 ene
221 1879 369 1956 amicum,
384 1904 485 1967 quum
503 1879 626 1947 umdiu
645 1879 757 1972 sedens
775 1901 883 1948 meum
903 1875 1105 1946 commodum
1125 1897 1198 1947 eur

103 1969 127 2005 ‘⁴
141 1975 264 2052 spectet
274 1965 419 2033 l''-Gic.
433 1967 558 2034 otuu.
578 1968 628 2044 14,
641 1967 676 2032 2.

771 1637 806 1720 re
821 1616 916 1684 Sestii
927 1627 1045 1704 rogstu
1055 1615 1128 1684 veni
1140 1615 1184 1682 ud

149 2136 224 2212 Quo
236 2138 354 2226 gaudio
367 2139 482 2215 elatus,
495 2161 559 2205 non
572 2139 777 2228 temperavit,
797 2136 876 2224 quin
937 2157 1013 2204 neos
1117 2134 1185 2202 dies

99 2223 263 2310 frequenti
285 2226 376 2291 curie
395 2228 543 2314 jactaret,
568 2225 675 2290 invitis
698 2236 733 2290 et
787 2236 905 2290 ementi
998 2148 1102 2292 ediecut
1150 2223 1169 2239 ''

101 2308 256 2411 adeptum
279 2335 314 2375 se
326 2334 407 2415 'quse
434 2313 646 2403 concupisset:
671 2245 802 2398 proinde
828 2334 869 2376 ex
890 2333 929 2377 eo
954 2310 1185 2411 insultaturum

103 2417 250 2548 Ἢ
263 2395 1185 2572 titillet{Stffittll'alrffiffllslz

103 2579 127 2608 ‘⁶
144 2569 176 2634 in
192 2570 321 2657 Assyria
333 2592 464 2657 quoque
478 2593 623 2657 regnasse
639 2569 854 2634 Semiramim:
878 2591 1023 2656 magnam
1049 2590 1089 2634 ue
1104 2565 1188 2634 Asius

103 2666 127 2696 ‘⁶
142 2667 269 2745 purtem
282 2656 458 2722 Amazonas
472 2655 604 2721 tenuisse
617 2652 946 2742 quondam.’3-Suet.
962 2670 989 2718 c.
1005 2591 1059 2718 23.
1195 2705 1198 2716 .
1212 2711 1219 2722 ,

150 2839 329 2906 Pharmlice
341 2839 408 2906 acie
420 2863 513 2905 caesos
551 2839 778 2928 rolligutosque
786 2835 982 2902 adversarios
995 2859 1070 2925 pros
1094 2835 1187 2904 icien-

104 2938 184 3004 tem,
216 2927 282 2992 haec
308 2949 382 2992 eum
408 2925 451 2991 ud
474 2863 609 2992 serlum
634 2923 747 2990 dixisse
774 2923 875 2988 refert
904 2921 1031 2988 Asinius
1059 2861 1185 2990 pollio:

104 3025 129 3054 ‘⁶
147 3011 222 3079 Hoc
236 3014 427 3088 voluer-unm
450 3012 546 3078 tantis
560 3013 656 3077 rebus
667 3010 763 3100 gestis
783 3010 822 3076 C.
838 3009 947 3074 Ooesur
962 3007 1186 3076 condemnatus

104 3107 129 3139 “
144 3123 253 3179 essem,
267 3100 329 3166 nisi
341 3099 385 3166 eb
396 3097 539 3165 exercitu
552 3097 708 3164 auxilium
722 3094 1036 3186 petimem.”-Suet.
1054 3117 1081 3162 o.
1096 3095 1151 3162 30.
1191 3115 1194 3122 ’

147 3276 409 3372 consecutusque
430 3270 577 3338 cohortes
593 3267 638 3334 ud
661 3268 859 3334 Rubiconem
879 3268 1005 3344 flumen,
1031 3269 1089 3356 qui
1112 3289 1187 3359 pro-

102 3361 217 3430 vincte
230 3361 297 3425 e'us
316 3361 387 3425 fins
406 3372 488 3435 eret,
512 3355 693 3445 paullulum
706 3354 850 3422 constitit
862 3377 899 3419 ac
913 3366 1078 3442 reputans,
1088 3377 1188 3442 quen-

103 3461 175 3514 turn
197 3384 377 3520 moiiretur,
400 3466 570 3510 conversus
592 3441 635 3506 ed
650 3442 822 3530 proximos,
846 3451 868 3482 “
884 3439 1121 3516 Etiamnunc?
1141 3442 1188 3508 in·

105 3535 192 3621 quit,
215 3532 379 3621 “regredi
398 3553 574 3618 possumus.
590 3527 679 3614 quod
700 3528 724 3592 si
747 3525 946 3616 ponticulum
960 3526 1186 3606 transierimus,

105 3633 130 3662 ‘⁴
147 3619 251 3686 omnis
260 3618 356 3686 ermis
370 3616 492 3706 agenda
507 3614 763 3681 erunt.”-Suet.
781 3635 807 3678 o.
823 3615 877 3679 31.

150 3804 323 3871 Cunctanti
338 3816 497 3871 ostentum
511 3801 576 3866 tale
589 3800 706 3866 factum
720 3809 779 3864 est.
825 3796 961 3872 Quidem
975 3796 1090 3862 eximis
1102 3819 1189 3886 meg-

105 3889 252 3958 nitudine
264 3903 298 3956 et
311 3891 414 3956 forma
428 3902 490 3954 etc.
513 3887 605 3953 Tunc
621 3887 739 3963 Caesur,
762 3893 785 3925 ‘⁴
802 3881 938 3959 Eaturss’
956 3883 1071 3970 inquit,
1088 3894 1189 3970 “quo

106 3989 131 4020 ‘⁴
149 3977 293 4044 Deorum
307 3988 431 4042 ostento
440 3987 474 4040 et
487 3974 685 4040 inimicorum
699 3969 852 4058 iniquitas
864 3980 971 4036 vocat.
1015 3967 1109 4036 Jecte
1123 3969 1195 4036 ulee

107 4076 132 4106 “
149 4067 229 4142 sst,”
244 4061 490 4149 inquit-Suet.
507 4082 532 4125 o.
548 4061 602 4124 32.

150 4235 288 4303 Romam
308 4236 372 4302 iter
397 4233 572 4301 convertit:
600 4228 833 4322 adpellatisque
858 4229 900 4296 de
927 4228 1010 4320 Rep·
1035 4231 1189 4393 putribus

1003 4339 1018 4383 e
