2909 4809
212 216 306 314 ino
519 217 1024 313 .·nn'sn1.1.ootLL100.
1085 227 1095 259 ’·

283 414 344 497 lio
361 428 607 520 vungise:
627 432 805 499 misem.
821 430 991 501 'omem
1020 426 1202 495 itineribus
1217 424 1330 493 siue

262 512 353 584 uitur
366 529 401 583 et
414 518 519 584 locum
533 517 646 585 easnh
658 518 786 607 deligit,
802 516 976 607 paludibus
987 514 1139 605 silvisque
1153 513 1328 588 monnarii,

239 614 261 671 ts
304 604 446 670 Avarico
465 605 562 694 louge
583 606 671 671 milia
691 628 840 709 pennum
862 602 973 669 xvi..
1001 602 1051 669 lbi
1115 612 1258 667 roertos
1271 622 1330 665 ex·

240 692 420 782 ploratores
439 692 473 757 in
510 692 516 705 '
586 692 620 759 la
640 690 706 757 fflei
725 704 883 779 tempora,
928 714 977 756 iiie
997 689 1048 757 ad.
1090 688 1331 773 variciimage-

241 791 367 853 rentur,
473 712 604 845 fflt
617 790 663 854 et,
678 778 758 866 quid
773 776 843 843 fieri
856 712 967 853 veliet,
987 775 1188 863 imperabat:
1218 794 1330 839 mones

239 873 366 931 nostras
384 799 609 952 ffilstiones
628 862 1185 951 frumentationesqueobservabiit,
1205 858 1332 948 disper-

239 974 366 1039 sosque,
391 974 492 1052 quum
517 950 643 1039 longius
659 950 838 1052 'necessario
863 948 1087 1051 procederent,
1106 946 1329 1049 adoriebatur,

240 1036 1330 1210 ffiffiilfflfflssdffltqllillsifffi

171 1221 174 1228 '
241 1210 303 1278 bus
316 1208 514 1310 diversisque
527 1207 695 1276 itineribus
706 1210 822 1275 iretur.

289 1295 338 1359 17.
362 1294 487 1360 Castris
507 1294 550 1359 ad
578 1318 648 1363 eam
673 1308 799 1384 partein
822 1293 936 1385 oppidi
959 1294 1082 1383 positis,
1109 1294 1329 1382 Graeanque

198 1380 419 1447 ··iiitsrmisss
438 1404 459 1446 a
479 1380 607 1448 flinuine
627 1395 661 1447 et
680 1407 702 1447 s
722 1382 842 1471 palude
862 1382 996 1458 aditum,
1018 1394 1056 1447 iit
1068 1404 1167 1469 supra
1178 1380 1329 1457 diximus,

242 1480 415 1555 angustum
435 1466 589 1545 habebat,
612 1491 766 1559 aggerem
785 1468 956 1557 adparere,
977 1469 1084 1533 vineas
1097 1492 1205 1557 egere,
1221 1480 1330 1533 turres

239 1553 319 1620 duas
331 1554 526 1620 constituere
537 1554 653 1643 coepit:
683 1578 757 1621 nam
775 1555 1019 1621 circumvallare
1035 1554 1096 1623 loci
1120 1568 1238 1621 naturis
1252 1576 1330 1643 pro·

238 1638 384 1707 liibebat.
440 1641 496 1707 ¹De
509 1664 547 1707 re
559 1641 772 1709 frumentaria
787 1642 882 1707 Boios
897 1652 997 1729 atque
1018 1640 1140 1707 AEduos
1162 1641 1330 1707 adhortari

241 1749 306 1794 non
320 1726 465 1793 destitit:
493 1751 633 1815 quorum
643 1728 753 1804 alteri,
768 1727 857 1817 quod
870 1728 961 1793 nullo
974 1726 1083 1793 studio
1097 1729 1250 1815 agebant,
1265 1748 1331 1792 non

240 1814 379 1885 inultum
401 1814 618 1903 adjuvabent;
655 1816 751 1881 alteri
771 1837 836 1880 non
856 1814 977 1901 magnis
998 1814 1219 1890 facultatibus,
1241 1812 1332 1902 quod

241 1899 355 1966 civitas
369 1913 440 1966 erat
453 1901 571 1989 exigua
583 1913 618 1966 et
627 1900 764 1978 infirma,
776 1901 936 1976 celeriter,
972 1900 1038 1966 uod
1049 1900 1243 1977 habuerunt,
1255 1922 1331 1967 eon·

188 2010 192 2016 ’
239 2000 431 2053 sumserunt.
489 1990 622 2053 Summa
649 1986 839 2054 difficultate
869 1987 916 2053 rei
948 1926 1168 2055 drumentariae
1201 1988 1332 2055 adiecto

240 2074 399 2151 exercitu,
414 2074 574 2139 tenuitate
594 2074 761 2150 Boiorum,
783 2074 984 2161 indiligentia
1005 2074 1199 2151 AEduorum,
1225 2079 1330 2145 incen-

240 2158 302 2224 diis
325 2158 545 2234 aedificiorum,
570 2184 673 2248 iisque
698 2184 750 2238 eo,
773 2175 811 2227 ut
833 2160 1015 2248 complures
1034 2160 1102 2226 dies
1122 2162 1238 2230 milites
1260 2166 1330 2231 fru-

242 2258 352 2310 mento
374 2246 537 2311 caruerint
556 2258 602 2321 et,
624 2270 740 2333 pecore
764 2270 781 2311 e
808 2247 861 2312 lon
887 2245 1085 2335 'nquioribus
1103 2249 1182 2315 vicis
1203 2252 1331 2323 adacto,

241 2342 419 2395 extremam
448 2332 564 2397 tamem
583 2343 813 2409 amtentarent,
832 2269 931 2399 miili·
943 2345 1049 2401 tamen
1075 2358 1140 2401 vox
1160 2348 1209 2403 est
1227 2332 1270 2405 ab
1294 2340 1331 2405 iis

241 2416 367 2493 audita,
397 2417 444 2483 Po
469 2417 514 2482 uli
539 2417 676 2484 Romani
701 2420 866 2509 majestate
892 2432 926 2484 et
951 2421 1170 2509 superioribus
1188 2425 1331 2493 victoriis

241 2501 383 2590 indigna.
428 2440 516 2581 dein
527 2506 625 2570 etiam
638 2506 747 2571 Caeser
762 2530 863 2607 quum
878 2505 911 2571 iii
925 2529 1022 2595 opere
1035 2508 1175 2597 singulas
1190 2512 1331 2601 legiones

242 2588 484 2679 adpellerent,
499 2590 527 2656 si
539 2592 687 2658 acerbius
698 2591 839 2681 inopiam
853 2592 988 2669 ferrent,
1005 2618 1039 2659 se
1059 2595 1260 2665 dimioeuruni
1273 2600 1330 2665 on

202 2744 206 2755 ,
267 2676 469 2764 agitationem
483 2678 606 2743 diceret
618 2702 627 2753 ;
648 2680 788 2746 universi
803 2681 912 2756 abeo,
929 2692 952 2723 ‘⁶
967 2702 1007 2747 ne
1021 2680 1054 2747 id
1066 2681 1219 2761 faceret,”
1242 2699 1331 2775 pete-

222 2825 226 2833 ,
307 2776 339 2828 t:
366 2776 388 2805 “
403 2764 448 2829 sic
468 2788 502 2829 se
523 2764 698 2853 compluris
718 2788 817 2835 annos
837 2766 893 2832 illo
913 2767 1090 2855 imperante
1110 2772 1331 2848 meruissent

242 2859 265 2888 ‘⁴
281 2849 404 2915 nullam
422 2851 433 2915 i
479 2852 628 2917 ominium
647 2854 841 2941 acciperent,
863 2876 1036 2941 numquam
1052 2855 1168 2922 infecta
1183 2882 1218 2923 re
1232 2860 1330 2928 diace-

242 2944 265 2975 “
276 2934 411 2999 dorent:
456 2960 495 3001 oc
508 2961 542 3001 se
556 2938 735 3037 ignominias
750 2940 872 3005 laturos
887 2939 969 3015 loco,
985 2940 1011 3004 si
1024 2940 1186 3032 inceptam
1204 2948 1330 3037 obpug-

242 3022 442 3087 “nationem
463 3023 687 3110 reliquissent:
717 3038 882 3115 prestere,
905 3048 1012 3091 omnes
1038 3030 1184 3115 perferre
1209 3036 1330 3101 acerbi-

242 3119 265 3149 “
282 3119 375 3184 tates,
402 3132 500 3197 quani
526 3132 589 3176 non
616 3110 740 3178 civibus
766 3112 927 3187 Romanis,
979 3112 1011 3177 ui
1042 3116 1168 3183 Genabi
1193 3120 1328 3209 perfidia

242 3206 265 3237 “
283 3195 454 3261 Gallorum
469 3195 661 3273 interissent,
730 3203 927 3267 tentarent.”
1007 3224 1051 3265 aec
1072 3202 1183 3269 eadem
1207 3208 1330 3273 Centu-

240 3281 383 3347 rionibus
403 3281 621 3370 Tribunisque
650 3302 694 3350 mi
708 3285 790 3351 itum
820 3285 1026 3363 mandabant,
1054 3302 1093 3353 ut
1118 3312 1178 3377 per
1206 3318 1259 3361 eos
1286 3294 1329 3361 ad

240 3368 400 3435 cesarem
411 3368 627 3435 deferrentur.
983 3394 985 3401 ·

288 3455 336 3517 18.
362 3455 471 3530 Quum
483 3456 550 3543 jam
564 3480 658 3523 muro
672 3470 780 3523 turres
794 3458 1113 3548 adpropinquassent,
1135 3488 1176 3529 ex
1194 3466 1330 3555 captivis

241 3540 350 3606 Caeser
372 3544 536 3629 cognovit,
559 3543 858 3635 Vercingetorigem
889 3560 1054 3613 consumto
1079 3550 1201 3637 pabulo
1226 3565 1330 3620 castra

232 3626 372 3692 'movisse
384 3626 515 3716 propius
531 3630 716 3706 Avaricum,
732 3644 830 3719 atque
853 3632 958 3721 ipsum
976 3658 1050 3717 cuin
1067 3638 1214 3724 equitatu
1234 3662 1330 3729 expe-

238 3712 393 3803 ditisque,
417 3714 474 3804 qui
493 3714 579 3782 iuter
596 3717 722 3806 equites
744 3719 888 3807 proeliari
906 3734 1119 3799 comuessent,
1142 3723 1330 3794 insidiarum

275 3896 491 3949 Parsiritemir'sso
502 3899 620 3963 adflims.
636 3908 659 3950 et
675 3916 693 3949 o
706 3902 761 3964 pol.
844 3904 927 3956 Quam
943 3918 992 3952 mm
1010 3908 1059 3967 clv,
1080 3904 1190 3957 subaudi
1208 3916 1245 3959 iil.
1285 3908 1329 3959 Sic

240 3973 291 4009 uoii
312 3963 423 4011 obducta
443 3962 513 4013 ilum.
526 3972 557 4013 ,et
580 3965 631 4027 pal.
649 3963 693 4014 ubi
711 3980 761 4015 non
810 3966 983 4017 emendatione
994 3959 1129 4033 uou'opus.

241 4025 668 4092 smtllumenetpelus.Ci·c.15.
685 4032 723 4079 M.
845 4034 894 4084 Qiu'
908 4032 1179 4087 unua-oensem.
1212 4036 1289 4087 cte.
1304 4044 1330 4089 ³.

276 4092 416 4141 θαι-κονίη.
431 4092 624 4157 lepras-erest.
811 4096 849 4147 Μ.

275 4154 376 4205 Adesto.
404 4154 423 4205 i.
445 4175 468 4206 e.
492 4166 592 4218 coacto,
616 4160 760 4225 compulso.
845 4162 1161 4225 dalmat-mnest-
1178 4166 1332 4221 Describun-

239 4216 343 4337 Epupppp
361 4220 449 4273 Ciacc.
466 4230 493 4274 et
514 4224 620 4279 Ursinus
639 4226 760 4279 uolebant
809 4230 937 4291 turiupra
950 4232 1023 4290 nis.
1040 4230 1079 4281 M.
